day;timestamp;product;bid_price_1;bid_volume_1;bid_price_2;bid_volume_2;bid_price_3;bid_volume_3;ask_price_1;ask_volume_1;ask_price_2;ask_volume_2;ask_price_3;ask_volume_3;mid_price;profit_and_loss
1;0;AMETHYSTS;9998;9;9995;23;;;10005;23;;;;;10001.5;0.0
1;0;STARFRUIT;5047;23;;;;;5054;23;;;;;5050.5;0.0
1;100;STARFRUIT;5053;1;5050;2;5047;22;5054;22;;;;;5053.5;0.0
1;100;AMETHYSTS;10002;1;10000;2;9998;4;10004;1;10005;21;;;10003.0;0.0
1;200;AMETHYSTS;9996;1;9995;21;;;10004;1;10005;21;;;10000.0;0.0
1;200;STARFRUIT;5048;1;5047;21;;;5054;22;;;;;5051.0;0.0
1;300;AMETHYSTS;9995;26;;;;;10005;26;;;;;10000.0;3.0
1;300;STARFRUIT;5053;1;5047;26;;;5054;26;;;;;5053.5;0.0
1;400;AMETHYSTS;9998;8;9996;2;9995;26;10004;2;10005;26;;;10001.0;3.0
1;400;STARFRUIT;5047;28;;;;;5054;28;;;;;5050.5;0.0
1;500;STARFRUIT;5048;24;;;;;5053;3;5055;24;;;5050.5;0.0
1;500;AMETHYSTS;9998;8;9996;1;9995;23;10004;1;10005;23;;;10001.0;3.0
1;600;AMETHYSTS;9996;2;9995;28;;;10004;2;10005;28;;;10000.0;3.0
1;600;STARFRUIT;5052;5;5048;30;;;5055;30;;;;;5053.5;0.0
1;700;AMETHYSTS;9996;1;9995;22;;;10004;1;10005;22;;;10000.0;3.0
1;700;STARFRUIT;5048;22;;;;;5055;23;;;;;5051.5;0.0
1;800;AMETHYSTS;9996;1;9995;24;;;10000;3;10004;1;10005;24;9998.0;3.0
1;800;STARFRUIT;5048;25;;;;;5051;3;5055;25;;;5049.5;0.0
1;900;STARFRUIT;5048;21;;;;;5055;21;;;;;5051.5;2.32470703125
1;900;AMETHYSTS;9996;1;9995;20;;;9998;11;10004;1;10005;20;9997.0;6.0
1;1000;STARFRUIT;5049;1;5048;30;;;5055;31;;;;;5052.0;2.96875
1;1000;AMETHYSTS;9996;1;9995;30;;;10004;1;10005;30;;;10000.0;28.0
1;1100;AMETHYSTS;9996;1;9995;21;;;10002;6;10004;1;10005;21;9999.0;28.0
1;1100;STARFRUIT;5049;22;;;;;5055;1;5056;21;;;5052.0;3.2138671875
1;1200;STARFRUIT;5049;22;;;;;5056;23;;;;;5052.5;3.87646484375
1;1200;AMETHYSTS;9996;1;9995;22;;;10004;1;10005;22;;;10000.0;28.0
1;1300;STARFRUIT;5050;25;;;;;5057;25;;;;;5053.5;4.17138671875
1;1300;AMETHYSTS;10002;1;9995;25;;;10005;25;;;;;10003.5;28.0
1;1400;STARFRUIT;5049;23;;;;;5052;6;5056;23;;;5050.5;3.94580078125
1;1400;AMETHYSTS;9995;23;;;;;10000;6;10005;23;;;9997.5;30.0
1;1500;AMETHYSTS;9996;1;9995;20;;;9998;4;10004;1;10005;20;9997.0;30.0
1;1500;STARFRUIT;5054;1;5049;21;;;5056;21;;;;;5055.0;3.47314453125
1;1600;STARFRUIT;5049;30;;;;;5056;30;;;;;5052.5;3.34228515625
1;1600;AMETHYSTS;9996;2;9995;28;;;10004;2;10005;28;;;10000.0;38.0
1;1700;STARFRUIT;5049;28;;;;;5054;8;5056;28;;;5051.5;3.21826171875
1;1700;AMETHYSTS;9995;28;;;;;10005;28;;;;;10000.0;38.0
1;1800;STARFRUIT;5051;4;5048;23;;;5055;23;;;;;5053.0;2.32666015625
1;1800;AMETHYSTS;10000;4;9995;23;;;10002;10;10005;23;;;10001.0;38.0
1;1900;AMETHYSTS;9996;2;9995;30;;;10004;2;10005;30;;;10000.0;38.0
1;1900;STARFRUIT;5047;32;;;;;5048;1;5054;32;;;5047.5;1.728515625
1;2000;STARFRUIT;5049;2;5048;21;;;5055;23;;;;;5052.0;6.6689453125
1;2000;AMETHYSTS;9996;2;9995;21;;;10004;2;10005;21;;;10000.0;38.0
1;2100;STARFRUIT;5048;28;;;;;5053;5;5055;28;;;5050.5;6.0390625
1;2100;AMETHYSTS;9996;2;9995;26;;;10004;2;10005;26;;;10000.0;38.0
1;2200;STARFRUIT;5050;4;5049;21;;;5055;1;5056;20;;;5052.5;7.3583984375
1;2200;AMETHYSTS;9996;1;9995;20;;;9998;4;10004;1;10005;20;9997.0;38.0
1;2300;AMETHYSTS;9996;2;9995;22;;;10004;2;10005;22;;;10000.0;46.0
1;2300;STARFRUIT;5050;5;5049;24;;;5056;24;;;;;5053.0;7.95703125
1;2400;STARFRUIT;5049;22;;;;;5055;2;5056;20;;;5052.0;7.31640625
1;2400;AMETHYSTS;9996;2;9995;20;;;10004;2;10005;20;;;10000.0;46.0
1;2500;STARFRUIT;5049;2;5048;21;;;5055;23;;;;;5052.0;6.92578125
1;2500;AMETHYSTS;9998;3;9996;2;9995;21;10004;2;10005;21;;;10001.0;46.0
1;2600;STARFRUIT;5048;30;;;;;5055;30;;;;;5051.5;5.892578125
1;2600;AMETHYSTS;10002;1;9996;1;9995;29;10004;1;10005;29;;;10003.0;46.0
1;2700;AMETHYSTS;9998;7;9996;2;9995;21;10004;2;10005;21;;;10001.0;48.0
1;2700;STARFRUIT;5049;7;5048;23;;;5055;23;;;;;5052.0;6.44921875
1;2800;STARFRUIT;5049;27;;;;;5056;27;;;;;5052.5;7.4794921875
1;2800;AMETHYSTS;9995;27;;;;;10005;27;;;;;10000.0;48.0
1;2900;STARFRUIT;5049;22;;;;;5056;22;;;;;5052.5;7.6025390625
1;2900;AMETHYSTS;9996;2;9995;20;;;10004;2;10005;20;;;10000.0;48.0
1;3000;STARFRUIT;5054;1;5050;5;5049;30;5056;30;;;;;5055.0;7.4443359375
1;3000;AMETHYSTS;9996;1;9995;29;;;10004;1;10005;29;;;10000.0;48.0
1;3100;AMETHYSTS;9998;5;9996;1;9995;27;10004;1;10005;27;;;10001.0;48.0
1;3100;STARFRUIT;5048;28;;;;;5055;28;;;;;5051.5;6.2236328125
1;3200;STARFRUIT;5049;24;;;;;5052;5;5056;24;;;5050.5;7.4814453125
1;3200;AMETHYSTS;10002;2;9995;24;;;10005;24;;;;;10003.5;48.0
1;3300;STARFRUIT;5050;1;5049;24;;;5056;25;;;;;5053.0;8.8642578125
1;3300;AMETHYSTS;10002;1;9996;1;9995;24;10004;1;10005;24;;;10003.0;52.0
1;3400;STARFRUIT;5050;29;;;;;5056;2;5057;27;;;5053.0;9.283203125
1;3400;AMETHYSTS;9998;10;9996;2;9995;27;10004;2;10005;27;;;10001.0;54.0
1;3500;AMETHYSTS;9995;26;;;;;10002;10;10005;26;;;9998.5;54.0
1;3500;STARFRUIT;5049;26;;;;;5057;26;;;;;5053.0;8.955078125
1;3600;STARFRUIT;5050;27;;;;;5057;27;;;;;5053.5;9.419921875
1;3600;AMETHYSTS;9995;27;;;;;10002;8;10005;27;;;9998.5;54.0
1;3700;STARFRUIT;5050;25;;;;;5057;25;;;;;5053.5;10.314453125
1;3700;AMETHYSTS;9998;3;9995;25;;;10005;25;;;;;10001.5;54.0
1;3800;STARFRUIT;5051;24;;;;;5056;7;5058;24;;;5053.5;11.8134765625
1;3800;AMETHYSTS;9995;24;;;;;10005;24;;;;;10000.0;54.0
1;3900;AMETHYSTS;9996;2;9995;24;;;10004;2;10005;24;;;10000.0;54.0
1;3900;STARFRUIT;5051;1;5050;26;;;5057;26;;;;;5054.0;10.3291015625
1;4000;STARFRUIT;5051;30;;;;;5058;31;;;;;5054.5;11.5244140625
1;4000;AMETHYSTS;10002;1;9996;1;9995;30;10004;1;10005;30;;;10003.0;54.0
1;4100;STARFRUIT;5054;5;5052;2;5051;22;5058;24;;;;;5056.0;12.701171875
1;4100;AMETHYSTS;10000;5;9996;2;9995;22;10002;4;10004;2;10005;22;10001.0;56.0
1;4200;STARFRUIT;5051;29;;;;;5056;7;5058;29;;;5053.5;11.7822265625
1;4200;AMETHYSTS;10002;5;9996;1;9995;28;10004;1;10005;28;;;10003.0;56.0
1;4300;AMETHYSTS;9995;26;;;;;10002;8;10005;26;;;9998.5;66.0
1;4300;STARFRUIT;5052;26;;;;;5054;2;5059;26;;;5053.0;14.69140625
1;4400;STARFRUIT;5052;28;;;;;5059;28;;;;;5055.5;14.7900390625
1;4400;AMETHYSTS;9995;28;;;;;10005;28;;;;;10000.0;66.0
1;4500;STARFRUIT;5053;26;;;;;5058;8;5060;26;;;5055.5;15.74609375
1;4500;AMETHYSTS;9995;26;;;;;10005;26;;;;;10000.0;66.0
1;4600;STARFRUIT;5053;21;;;;;5058;3;5060;21;;;5055.5;15.875
1;4600;AMETHYSTS;9995;21;;;;;10005;21;;;;;10000.0;66.0
1;4700;AMETHYSTS;9998;5;9995;26;;;10005;26;;;;;10001.5;66.0
1;4700;STARFRUIT;5053;26;;;;;5060;26;;;;;5056.5;16.435546875
1;4800;STARFRUIT;5059;1;5054;7;5053;23;5060;23;;;;;5059.5;16.1142578125
1;4800;AMETHYSTS;9996;1;9995;22;;;10004;1;10005;22;;;10000.0;66.0
1;4900;STARFRUIT;5054;2;5053;22;;;5058;6;5060;24;;;5056.0;18.89404296875
1;4900;AMETHYSTS;9996;2;9995;22;;;10004;2;10005;22;;;10000.0;66.0
1;5000;STARFRUIT;5054;5;5053;31;;;5060;31;;;;;5057.0;18.66064453125
1;5000;AMETHYSTS;9998;9;9996;1;9995;30;10004;1;10005;30;;;10001.0;66.0
1;5100;AMETHYSTS;9995;26;;;;;10005;26;;;;;10000.0;66.0
1;5100;STARFRUIT;5053;26;;;;;5060;26;;;;;5056.5;18.6181640625
1;5200;STARFRUIT;5056;5;5054;6;5053;25;5060;25;;;;;5058.0;18.287109375
1;5200;AMETHYSTS;10000;5;9998;7;9996;2;10004;2;10005;23;;;10002.0;66.0
1;5300;STARFRUIT;5054;22;;;;;5061;22;;;;;5057.5;19.06591796875
1;5300;AMETHYSTS;9995;22;;;;;9998;12;10005;22;;;9996.5;66.0
1;5400;AMETHYSTS;9995;30;;;;;10005;30;;;;;10000.0;90.0
1;5400;STARFRUIT;5054;30;;;;;5061;30;;;;;5057.5;19.51318359375
1;5500;STARFRUIT;5054;29;;;;;5055;8;5060;1;5061;28;5054.5;21.0
1;5500;AMETHYSTS;9996;1;9995;28;;;10004;1;10005;28;;;10000.0;93.0
1;5600;STARFRUIT;5053;25;;;;;5060;25;;;;;5056.5;34.6484375
1;5600;AMETHYSTS;9998;2;9996;2;9995;23;10004;2;10005;23;;;10001.0;99.0
1;5700;STARFRUIT;5055;3;5054;31;;;5060;1;5061;30;;;5057.5;38.234375
1;5700;AMETHYSTS;9996;1;9995;30;;;10004;1;10005;30;;;10000.0;99.0
1;5800;AMETHYSTS;9996;2;9995;28;;;10004;2;10005;28;;;10000.0;99.0
1;5800;STARFRUIT;5054;30;;;;;5061;30;;;;;5057.5;40.02734375
1;5900;STARFRUIT;5054;23;;;;;5061;23;;;;;5057.5;39.37109375
1;5900;AMETHYSTS;9996;2;9995;21;;;10004;2;10005;21;;;10000.0;99.0
1;6000;STARFRUIT;5053;30;;;;;5060;30;;;;;5056.5;36.37890625
1;6000;AMETHYSTS;9995;30;;;;;10002;10;10005;30;;;9998.5;99.0
1;6100;STARFRUIT;5054;25;;;;;5061;25;;;;;5057.5;40.6484375
1;6100;AMETHYSTS;9996;1;9995;24;;;10004;1;10005;24;;;10000.0;99.0
1;6200;AMETHYSTS;9998;3;9996;1;9995;29;10004;1;10005;29;;;10001.0;99.0
1;6200;STARFRUIT;5060;1;5054;30;;;5061;30;;;;;5060.5;43.19140625
1;6300;STARFRUIT;5054;22;;;;;5062;22;;;;;5058.0;47.0234375
1;6300;AMETHYSTS;9995;22;;;;;10005;22;;;;;10000.0;99.0
1;6400;STARFRUIT;5054;24;;;;;5061;24;;;;;5057.5;81.681640625
1;6400;AMETHYSTS;9996;1;9995;23;;;10002;6;10004;1;10005;23;9999.0;99.0
1;6500;STARFRUIT;5054;22;;;;;5061;22;;;;;5057.5;81.396484375
1;6500;AMETHYSTS;9995;22;;;;;10005;22;;;;;10000.0;99.0
1;6600;AMETHYSTS;9996;2;9995;27;;;10004;2;10005;27;;;10000.0;99.0
1;6600;STARFRUIT;5055;29;;;;;5056;7;5062;29;;;5055.5;78.9453125
1;6700;STARFRUIT;5054;31;;;;;5059;7;5061;31;;;5056.5;92.056640625
1;6700;AMETHYSTS;9996;1;9995;30;;;10004;1;10005;30;;;10000.0;99.0
1;6800;STARFRUIT;5056;4;5054;2;5053;29;5060;31;;;;;5058.0;90.5869140625
1;6800;AMETHYSTS;10000;5;9996;2;9995;29;10004;2;10005;29;;;10002.0;102.0
1;6900;STARFRUIT;5053;29;;;;;5058;3;5060;29;;;5055.5;89.6318359375
1;6900;AMETHYSTS;9996;2;9995;27;;;10004;2;10005;27;;;10000.0;102.0
1;7000;AMETHYSTS;9996;1;9995;30;;;10004;1;10005;30;;;10000.0;102.0
1;7000;STARFRUIT;5055;7;5054;31;;;5061;31;;;;;5058.0;91.861328125
1;7100;STARFRUIT;5054;31;;;;;5061;31;;;;;5057.5;93.166015625
1;7100;AMETHYSTS;9996;1;9995;30;;;9998;5;10002;7;10004;1;9997.0;102.0
1;7200;STARFRUIT;5056;6;5055;23;;;5062;23;;;;;5059.0;94.6953125
1;7200;AMETHYSTS;9996;1;9995;22;;;10002;1;10004;1;10005;22;9999.0;110.0
1;7300;STARFRUIT;5055;1;5054;25;;;5061;26;;;;;5058.0;93.6748046875
1;7300;AMETHYSTS;9996;1;9995;25;;;10004;1;10005;25;;;10000.0;110.0
1;7400;AMETHYSTS;10002;1;9995;22;;;10005;22;;;;;10003.5;110.0
1;7400;STARFRUIT;5055;22;;;;;5062;22;;;;;5058.5;95.185546875
1;7500;STARFRUIT;5055;29;;;;;5060;3;5062;29;;;5057.5;129.078125
1;7500;AMETHYSTS;9995;29;;;;;10005;29;;;;;10000.0;112.0
1;7600;AMETHYSTS;10002;1;9995;27;;;10005;27;;;;;10003.5;112.0
1;7600;STARFRUIT;5054;27;;;;;5061;27;;;;;5057.5;133.43359375
1;7700;AMETHYSTS;9996;1;9995;25;;;10002;5;10004;1;10005;25;9999.0;114.0
1;7700;STARFRUIT;5054;26;;;;;5061;26;;;;;5057.5;133.68359375
1;7800;AMETHYSTS;9995;23;;;;;10005;23;;;;;10000.0;114.0
1;7800;STARFRUIT;5055;1;5054;23;;;5061;23;;;;;5058.0;130.5
1;7900;STARFRUIT;5055;2;5054;22;;;5061;24;;;;;5058.0;131.20703125
1;7900;AMETHYSTS;9996;2;9995;22;;;10002;7;10004;2;10005;22;9999.0;114.0
1;8000;AMETHYSTS;10000;3;9996;2;9995;28;10004;2;10005;28;;;10002.0;114.0
1;8000;STARFRUIT;5059;1;5057;3;5054;30;5061;30;;;;;5060.0;135.390625
1;8100;AMETHYSTS;9995;25;;;;;10005;25;;;;;10000.0;114.0
1;8100;STARFRUIT;5054;25;;;;;5061;25;;;;;5057.5;136.85546875
1;8200;AMETHYSTS;9996;2;9995;25;;;10004;2;10005;25;;;10000.0;114.0
1;8200;STARFRUIT;5054;27;;;;;5061;27;;;;;5057.5;136.546875
1;8300;STARFRUIT;5054;28;;;;;5061;28;;;;;5057.5;134.6875
1;8300;AMETHYSTS;9998;9;9995;28;;;10005;28;;;;;10001.5;114.0
1;8400;AMETHYSTS;9998;5;9995;29;;;10005;29;;;;;10001.5;114.0
1;8400;STARFRUIT;5055;29;;;;;5062;29;;;;;5058.5;132.61328125
1;8500;AMETHYSTS;9996;2;9995;25;;;10004;2;10005;25;;;10000.0;114.0
1;8500;STARFRUIT;5055;10;5054;25;;;5061;2;5062;25;;;5058.0;133.1328125
1;8600;AMETHYSTS;9996;2;9995;27;;;10004;2;10005;27;;;10000.0;114.0
1;8600;STARFRUIT;5055;2;5054;27;;;5061;29;;;;;5058.0;133.8515625
1;8700;STARFRUIT;5059;1;5055;8;5054;24;5061;24;;;;;5060.0;137.87109375
1;8700;AMETHYSTS;9996;2;9995;22;;;10004;2;10005;22;;;10000.0;114.0
1;8800;AMETHYSTS;9996;1;9995;30;;;10004;1;10005;30;;;10000.0;114.0
1;8800;STARFRUIT;5054;1;5053;30;;;5060;1;5061;30;;;5057.0;141.24609375
1;8900;AMETHYSTS;9995;26;;;;;10005;26;;;;;10000.0;114.0
1;8900;STARFRUIT;5055;2;5054;26;;;5061;26;;;;;5058.0;137.80859375
1;9000;AMETHYSTS;9995;23;;;;;10005;23;;;;;10000.0;114.0
1;9000;STARFRUIT;5054;23;;;;;5061;23;;;;;5057.5;134.20703125
1;9100;STARFRUIT;5056;5;5055;22;;;5062;22;;;;;5059.0;131.421875
1;9100;AMETHYSTS;9995;22;;;;;9998;1;10005;22;;;9996.5;114.0
1;9200;AMETHYSTS;9996;2;9995;25;;;10004;2;10005;25;;;10000.0;149.0
1;9200;STARFRUIT;5056;3;5055;27;;;5061;2;5062;25;;;5058.5;131.64453125
1;9300;AMETHYSTS;10002;11;9998;1;9996;1;10004;1;10005;29;;;10003.0;149.0
1;9300;STARFRUIT;5055;30;;;;;5062;30;;;;;5058.5;128.42578125
1;9400;AMETHYSTS;10002;1;9996;2;9995;28;10004;2;10005;28;;;10003.0;171.0
1;9400;STARFRUIT;5056;3;5055;30;;;5062;30;;;;;5059.0;127.78515625
1;9500;STARFRUIT;5055;26;;;;;5062;26;;;;;5058.5;129.2421875
1;9500;AMETHYSTS;10002;1;9996;2;9995;24;10004;2;10005;24;;;10003.0;173.0
1;9600;AMETHYSTS;9996;1;9995;20;;;10002;6;10004;1;10005;20;9999.0;175.0
1;9600;STARFRUIT;5056;1;5055;20;;;5062;21;;;;;5059.0;126.6953125
1;9700;AMETHYSTS;9996;1;9995;30;;;10000;4;10004;1;10005;30;9998.0;175.0
1;9700;STARFRUIT;5056;31;;;;;5059;5;5061;5;5063;31;5057.5;121.453125
1;9800;STARFRUIT;5056;26;;;;;5062;2;5063;24;;;5059.0;123.97265625
1;9800;AMETHYSTS;9998;1;9996;2;9995;24;10004;2;10005;24;;;10001.0;175.0
1;9900;STARFRUIT;5055;24;;;;;5062;24;;;;;5058.5;126.08984375
1;9900;AMETHYSTS;9995;24;;;;;10005;24;;;;;10000.0;175.0
1;10000;STARFRUIT;5055;27;;;;;5062;27;;;;;5058.5;128.5078125
1;10000;AMETHYSTS;9995;27;;;;;10005;27;;;;;10000.0;175.0
1;10100;AMETHYSTS;10002;4;9996;1;9995;20;10004;1;10005;20;;;10003.0;175.0
1;10100;STARFRUIT;5055;21;;;;;5060;5;5062;21;;;5057.5;129.87109375
1;10200;STARFRUIT;5055;20;;;;;5062;20;;;;;5058.5;131.484375
1;10200;AMETHYSTS;9995;20;;;;;10005;20;;;;;10000.0;183.0
1;10300;STARFRUIT;5056;5;5055;25;;;5062;25;;;;;5059.0;130.2578125
1;10300;AMETHYSTS;9996;1;9995;24;;;10004;1;10005;24;;;10000.0;183.0
1;10400;STARFRUIT;5055;25;;;;;5062;25;;;;;5058.5;132.9765625
1;10400;AMETHYSTS;9995;25;;;;;10005;25;;;;;10000.0;186.0
1;10500;AMETHYSTS;9995;26;;;;;10005;26;;;;;10000.0;186.0
1;10500;STARFRUIT;5056;8;5055;26;;;5062;26;;;;;5059.0;134.80859375
1;10600;STARFRUIT;5060;3;5055;20;;;5062;20;;;;;5061.0;132.72265625
1;10600;AMETHYSTS;9995;20;;;;;10005;20;;;;;10000.0;186.0
1;10700;STARFRUIT;5056;7;5055;24;;;5062;24;;;;;5059.0;131.06640625
1;10700;AMETHYSTS;9995;24;;;;;9998;3;10005;24;;;9996.5;186.0
1;10800;STARFRUIT;5057;6;5056;23;;;5063;23;;;;;5060.0;126.08203125
1;10800;AMETHYSTS;9995;23;;;;;10002;1;10005;23;;;9998.5;192.0
1;10900;AMETHYSTS;9996;1;9995;22;;;10000;6;10004;1;10005;22;9998.0;192.0
1;10900;STARFRUIT;5055;23;;;;;5058;6;5062;23;;;5056.5;129.71484375
1;11000;STARFRUIT;5055;27;;;;;5060;2;5061;1;5062;26;5057.5;135.21484375
1;11000;AMETHYSTS;9996;1;9995;26;;;10004;1;10005;26;;;10000.0;192.0
1;11100;STARFRUIT;5056;1;5055;31;;;5061;1;5062;30;;;5058.5;135.546875
1;11100;AMETHYSTS;9996;1;9995;30;;;10002;1;10004;1;10005;30;9999.0;192.0
1;11200;STARFRUIT;5055;30;;;;;5060;5;5062;30;;;5057.5;131.20703125
1;11200;AMETHYSTS;9996;2;9995;28;;;10004;2;10005;28;;;10000.0;192.0
1;11300;AMETHYSTS;9996;2;9995;25;;;10002;2;10004;2;10005;25;9999.0;192.0
1;11300;STARFRUIT;5055;2;5054;25;;;5061;27;;;;;5058.0;137.453125
1;11400;STARFRUIT;5054;30;;;;;5061;30;;;;;5057.5;137.765625
1;11400;AMETHYSTS;9995;30;;;;;10005;30;;;;;10000.0;192.0
1;11500;STARFRUIT;5055;1;5054;28;;;5059;5;5061;29;;;5057.0;137.421875
1;11500;AMETHYSTS;9996;1;9995;28;;;10004;1;10005;28;;;10000.0;192.0
1;11600;STARFRUIT;5055;24;;;;;5060;7;5061;2;5062;22;5057.5;134.796875
1;11600;AMETHYSTS;9996;2;9995;22;;;10004;2;10005;22;;;10000.0;192.0
1;11700;AMETHYSTS;10000;4;9996;2;9995;20;10004;2;10005;20;;;10002.0;192.0
1;11700;STARFRUIT;5057;4;5054;22;;;5061;22;;;;;5059.0;140.85546875
1;11800;STARFRUIT;5055;5;5054;21;;;5056;4;5061;22;;;5055.5;136.5
1;11800;AMETHYSTS;9998;10;9996;1;9995;21;10004;1;10005;21;;;10001.0;192.0
1;11900;STARFRUIT;5057;4;5054;23;;;5061;23;;;;;5059.0;146.548828125
1;11900;AMETHYSTS;10002;1;10000;4;9998;1;10004;1;10005;22;;;10003.0;192.0
1;12000;STARFRUIT;5054;28;;;;;5060;1;5061;27;;;5057.0;148.76171875
1;12000;AMETHYSTS;9996;1;9995;27;;;10004;1;10005;27;;;10000.0;194.0
1;12100;AMETHYSTS;9996;2;9995;23;;;9998;8;10004;2;10005;23;9997.0;194.0
1;12100;STARFRUIT;5054;2;5053;23;;;5060;2;5061;23;;;5057.0;148.9140625
1;12200;STARFRUIT;5054;25;;;;;5061;25;;;;;5057.5;147.447265625
1;12200;AMETHYSTS;9996;2;9995;23;;;10004;2;10005;23;;;10000.0;210.0
1;12300;STARFRUIT;5055;4;5054;25;;;5061;25;;;;;5058.0;145.970703125
1;12300;AMETHYSTS;9996;1;9995;24;;;10002;3;10004;1;10005;24;9999.0;210.0
1;12400;STARFRUIT;5054;29;;;;;5061;29;;;;;5057.5;148.109375
1;12400;AMETHYSTS;10002;1;9998;5;9995;29;10005;29;;;;;10003.5;210.0
1;12500;AMETHYSTS;10000;3;9996;1;9995;22;10004;1;10005;22;;;10002.0;212.0
1;12500;STARFRUIT;5056;3;5054;1;5053;22;5060;1;5061;22;;;5058.0;149.0234375
1;12600;STARFRUIT;5056;4;5053;26;;;5060;26;;;;;5058.0;151.59765625
1;12600;AMETHYSTS;10000;4;9995;26;;;10005;26;;;;;10002.5;212.0
1;12700;STARFRUIT;5054;1;5053;27;;;5060;28;;;;;5057.0;149.984375
1;12700;AMETHYSTS;10002;1;9996;1;9995;27;10004;1;10005;27;;;10003.0;212.0
1;12800;STARFRUIT;5057;4;5054;30;;;5060;2;5061;28;;;5058.5;148.365234375
1;12800;AMETHYSTS;10000;4;9996;2;9995;28;10002;9;10004;2;10005;28;10001.0;214.0
1;12900;AMETHYSTS;9996;2;9995;21;;;10002;4;10004;2;10005;21;9999.0;214.0
1;12900;STARFRUIT;5054;23;;;;;5059;2;5061;23;;;5056.5;147.505859375
1;13000;STARFRUIT;5054;32;;;;;5061;32;;;;;5057.5;145.642578125
1;13000;AMETHYSTS;9996;2;9995;30;;;10002;2;10004;2;10005;30;9999.0;214.0
1;13100;STARFRUIT;5054;21;;;;;5057;2;5061;21;;;5055.5;147.91796875
1;13100;AMETHYSTS;9995;21;;;;;10000;2;10005;21;;;9997.5;214.0
1;13200;STARFRUIT;5059;1;5055;7;5054;31;5060;2;5061;29;;;5059.5;148.599609375
1;13200;AMETHYSTS;9998;9;9996;2;9995;29;10004;2;10005;29;;;10001.0;214.0
1;13300;AMETHYSTS;10002;2;9996;1;9995;22;10004;1;10005;22;;;10003.0;214.0
1;13300;STARFRUIT;5054;1;5053;22;;;5060;1;5061;22;;;5057.0;150.888671875
1;13400;STARFRUIT;5053;26;;;;;5060;26;;;;;5056.5;152.71484375
1;13400;AMETHYSTS;9995;26;;;;;10005;26;;;;;10000.0;218.0
1;13500;STARFRUIT;5053;25;;;;;5060;25;;;;;5056.5;155.634765625
1;13500;AMETHYSTS;9996;1;9995;24;;;10004;1;10005;24;;;10000.0;218.0
1;13600;STARFRUIT;5052;26;;;;;5057;3;5059;26;;;5054.5;159.419921875
1;13600;AMETHYSTS;9996;2;9995;24;;;10002;6;10004;2;10005;24;9999.0;218.0
1;13700;AMETHYSTS;10002;1;9995;28;;;10005;28;;;;;10003.5;218.0
1;13700;STARFRUIT;5052;28;;;;;5059;28;;;;;5055.5;157.673828125
1;13800;STARFRUIT;5052;23;;;;;5059;23;;;;;5055.5;157.59375
1;13800;AMETHYSTS;9998;1;9995;23;;;10005;23;;;;;10001.5;220.0
1;13900;STARFRUIT;5053;21;;;;;5054;3;5059;1;5060;20;5053.5;155.69921875
1;13900;AMETHYSTS;9996;1;9995;20;;;10004;1;10005;20;;;10000.0;220.0
1;14000;STARFRUIT;5054;2;5053;29;;;5059;1;5060;28;;;5056.5;162.759765625
1;14000;AMETHYSTS;10002;6;9998;1;9996;1;10004;1;10005;28;;;10003.0;220.0
1;14100;AMETHYSTS;9996;2;9995;20;;;10002;4;10004;2;10005;20;9999.0;232.0
1;14100;STARFRUIT;5053;22;;;;;5060;22;;;;;5056.5;163.1728515625
1;14200;STARFRUIT;5053;21;;;;;5060;21;;;;;5056.5;199.8046875
1;14200;AMETHYSTS;9995;21;;;;;10005;21;;;;;10000.0;232.0
1;14300;STARFRUIT;5054;22;;;;;5061;22;;;;;5057.5;213.7421875
1;14300;AMETHYSTS;9996;1;9995;21;;;10004;1;10005;21;;;10000.0;232.0
1;14400;AMETHYSTS;10002;4;9996;2;9995;21;10004;2;10005;21;;;10003.0;232.0
1;14400;STARFRUIT;5055;1;5054;21;;;5061;23;;;;;5058.0;218.8984375
1;14500;STARFRUIT;5055;1;5054;28;;;5059;6;5061;29;;;5057.0;219.296875
1;14500;AMETHYSTS;9996;1;9995;28;;;10002;10;10004;1;10005;28;9999.0;246.0
1;14600;STARFRUIT;5055;28;;;;;5057;3;5062;28;;;5056.0;228.0
1;14600;AMETHYSTS;9996;1;9995;27;;;10004;1;10005;27;;;10000.0;246.0
1;14700;STARFRUIT;5055;1;5054;23;;;5059;2;5061;24;;;5057.0;219.234375
1;14700;AMETHYSTS;9996;1;9995;23;;;10004;1;10005;23;;;10000.0;246.0
1;14800;AMETHYSTS;9996;1;9995;30;;;9998;1;10004;1;10005;30;9997.0;246.0
1;14800;STARFRUIT;5054;31;;;;;5059;3;5061;31;;;5056.5;213.15625
1;14900;STARFRUIT;5059;4;5055;26;;;5061;1;5062;25;;;5060.0;221.125
1;14900;AMETHYSTS;9996;1;9995;25;;;10002;1;10004;1;10005;25;9999.0;248.0
1;15000;STARFRUIT;5056;4;5055;27;;;5061;2;5062;25;;;5058.5;221.3046875
1;15000;AMETHYSTS;9996;2;9995;25;;;10004;2;10005;25;;;10000.0;248.0
1;15100;STARFRUIT;5054;21;;;;;5061;21;;;;;5057.5;215.28125
1;15100;AMETHYSTS;9996;1;9995;20;;;9998;1;10004;1;10005;20;9997.0;248.0
1;15200;AMETHYSTS;10000;4;9996;2;9995;21;10002;4;10004;2;10005;21;10001.0;250.0
1;15200;STARFRUIT;5057;4;5055;4;5054;23;5061;23;;;;;5059.0;215.3515625
1;15300;STARFRUIT;5055;2;5054;22;;;5059;6;5061;24;;;5057.0;218.2421875
1;15300;AMETHYSTS;9996;2;9995;22;;;10002;7;10004;2;10005;22;9999.0;250.0
1;15400;STARFRUIT;5054;30;;;;;5061;30;;;;;5057.5;215.0859375
1;15400;AMETHYSTS;9995;30;;;;;10005;30;;;;;10000.0;250.0
1;15500;STARFRUIT;5055;25;;;;;5062;25;;;;;5058.5;225.46875
1;15500;AMETHYSTS;9995;25;;;;;9998;11;10005;25;;;9996.5;250.0
1;15600;AMETHYSTS;9996;1;9995;22;;;10004;1;10005;22;;;10000.0;272.0
1;15600;STARFRUIT;5055;23;;;;;5062;23;;;;;5058.5;228.09375
1;15700;STARFRUIT;5056;2;5055;28;;;5061;1;5062;2;5063;28;5058.5;233.390625
1;15700;AMETHYSTS;9996;2;9995;28;;;10004;2;10005;28;;;10000.0;272.0
1;15800;STARFRUIT;5057;4;5056;28;;;5062;2;5063;26;;;5059.5;235.59375
1;15800;AMETHYSTS;9998;6;9996;2;9995;26;10004;2;10005;26;;;10001.0;272.0
1;15900;STARFRUIT;5055;21;;;;;5057;3;5062;21;;;5056.0;231.98828125
1;15900;AMETHYSTS;9996;1;9995;20;;;10002;8;10004;1;10005;20;9999.0;278.0
1;16000;AMETHYSTS;9996;2;9995;20;;;10004;2;10005;20;;;10000.0;278.0
1;16000;STARFRUIT;5056;2;5055;20;;;5061;4;5062;2;5063;20;5058.5;236.9765625
1;16100;STARFRUIT;5056;1;5055;26;;;5057;2;5061;8;5062;1;5056.5;237.3828125
1;16100;AMETHYSTS;9996;1;9995;26;;;10004;1;10005;26;;;10000.0;278.0
1;16200;STARFRUIT;5056;26;;;;;5063;27;;;;;5059.5;239.75
1;16200;AMETHYSTS;9995;27;;;;;10002;4;10005;27;;;9998.5;278.0
1;16300;STARFRUIT;5056;22;;;;;5062;1;5063;21;;;5059.0;239.046875
1;16300;AMETHYSTS;9996;1;9995;21;;;10004;1;10005;21;;;10000.0;278.0
1;16400;AMETHYSTS;9996;2;9995;25;;;10002;6;10004;2;10005;25;9999.0;284.0
1;16400;STARFRUIT;5056;27;;;;;5061;7;5063;27;;;5058.5;240.12109375
1;16500;STARFRUIT;5055;22;;;;;5060;1;5062;22;;;5057.5;233.41796875
1;16500;AMETHYSTS;9995;22;;;;;10005;22;;;;;10000.0;284.0
1;16600;AMETHYSTS;9995;26;;;;;10005;26;;;;;10000.0;284.0
1;16600;STARFRUIT;5056;7;5055;26;;;5062;26;;;;;5059.0;233.7109375
1;16700;AMETHYSTS;10002;1;9998;2;9995;25;10005;25;;;;;10003.5;284.0
1;16700;STARFRUIT;5055;25;;;;;5062;25;;;;;5058.5;232.37109375
1;16800;AMETHYSTS;10000;2;9996;2;9995;25;10004;2;10005;25;;;10002.0;286.0
1;16800;STARFRUIT;5058;2;5055;27;;;5062;27;;;;;5060.0;231.0859375
1;16900;STARFRUIT;5055;24;;;;;5061;2;5062;22;;;5058.0;226.94140625
1;16900;AMETHYSTS;9996;2;9995;22;;;10004;2;10005;22;;;10000.0;286.0
1;17000;AMETHYSTS;9996;1;9995;25;;;10004;1;10005;25;;;10000.0;286.0
1;17000;STARFRUIT;5055;1;5054;26;;;5061;26;;;;;5058.0;222.79296875
1;17100;AMETHYSTS;9996;1;9995;26;;;10004;1;10005;26;;;10000.0;286.0
1;17100;STARFRUIT;5055;1;5054;26;;;5061;27;;;;;5058.0;223.703125
1;17200;AMETHYSTS;9996;1;9995;27;;;10004;1;10005;27;;;10000.0;286.0
1;17200;STARFRUIT;5055;5;5054;28;;;5061;28;;;;;5058.0;219.97265625
1;17300;STARFRUIT;5054;28;;;;;5059;6;5061;28;;;5056.5;218.65234375
1;17300;AMETHYSTS;9996;1;9995;27;;;10004;1;10005;27;;;10000.0;286.0
1;17400;AMETHYSTS;9995;25;;;;;9998;11;10005;25;;;9996.5;286.0
1;17400;STARFRUIT;5058;3;5055;2;5054;25;5061;25;;;;;5059.5;216.1640625
1;17500;AMETHYSTS;9996;2;9995;26;;;10004;2;10005;26;;;10000.0;314.0
1;17500;STARFRUIT;5054;28;;;;;5061;28;;;;;5057.5;223.3984375
1;17600;AMETHYSTS;9996;1;9995;29;;;10004;1;10005;29;;;10000.0;314.0
1;17600;STARFRUIT;5054;4;5053;29;;;5060;30;;;;;5057.0;257.34765625
1;17700;STARFRUIT;5053;22;;;;;5060;22;;;;;5056.5;258.244140625
1;17700;AMETHYSTS;9998;2;9995;22;;;10005;22;;;;;10001.5;314.0
1;17800;AMETHYSTS;9996;2;9995;30;;;9998;3;10002;5;10004;2;9997.0;314.0
1;17800;STARFRUIT;5053;2;5052;30;;;5057;5;5059;32;;;5055.0;260.1845703125
1;17900;AMETHYSTS;9995;21;;;;;9998;1;10002;3;10005;21;9996.5;320.0
1;17900;STARFRUIT;5058;1;5055;2;5052;21;5059;21;;;;;5058.5;261.15234375
1;18000;AMETHYSTS;9995;24;;;;;10005;24;;;;;10000.0;322.0
1;18000;STARFRUIT;5052;24;;;;;5059;24;;;;;5055.5;263.560546875
1;18100;STARFRUIT;5052;30;;;;;5059;30;;;;;5055.5;263.87109375
1;18100;AMETHYSTS;9996;2;9995;28;;;10004;2;10005;28;;;10000.0;322.0
1;18200;AMETHYSTS;9996;2;9995;23;;;10002;10;10004;2;10005;23;9999.0;322.0
1;18200;STARFRUIT;5052;2;5051;23;;;5058;2;5059;23;;;5055.0;282.052734375
1;18300;AMETHYSTS;9995;20;;;;;10005;20;;;;;10000.0;325.0
1;18300;STARFRUIT;5051;20;;;;;5058;20;;;;;5054.5;283.298828125
1;18400;AMETHYSTS;9996;1;9995;21;;;10004;1;10005;21;;;10000.0;325.0
1;18400;STARFRUIT;5058;1;5052;22;;;5059;22;;;;;5058.5;287.09765625
1;18500;STARFRUIT;5053;2;5052;21;;;5054;1;5059;23;;;5053.5;290.626953125
1;18500;AMETHYSTS;9996;2;9995;21;;;10004;2;10005;21;;;10000.0;325.0
1;18600;AMETHYSTS;9996;1;9995;21;;;10004;1;10005;21;;;10000.0;325.0
1;18600;STARFRUIT;5052;21;;;;;5053;8;5059;22;;;5052.5;292.0625
1;18700;AMETHYSTS;10002;1;9995;30;;;10005;30;;;;;10003.5;325.0
1;18700;STARFRUIT;5052;30;;;;;5059;30;;;;;5055.5;311.4921875
1;18800;STARFRUIT;5052;24;;;;;5059;24;;;;;5055.5;309.84375
1;18800;AMETHYSTS;9995;24;;;;;10002;7;10005;24;;;9998.5;327.0
1;18900;STARFRUIT;5053;7;5052;25;;;5059;25;;;;;5056.0;305.3125
1;18900;AMETHYSTS;10002;1;9995;25;;;10005;25;;;;;10003.5;327.0
1;19000;STARFRUIT;5052;31;;;;;5058;1;5059;30;;;5055.0;305.7890625
1;19000;AMETHYSTS;9996;1;9995;30;;;10004;1;10005;30;;;10000.0;329.0
1;19100;AMETHYSTS;9996;2;9995;21;;;10004;2;10005;21;;;10000.0;329.0
1;19100;STARFRUIT;5052;23;;;;;5059;23;;;;;5055.5;313.015625
1;19200;STARFRUIT;5052;26;;;;;5059;26;;;;;5055.5;309.7578125
1;19200;AMETHYSTS;9995;26;;;;;10002;1;10005;26;;;9998.5;329.0
1;19300;STARFRUIT;5052;25;;;;;5059;25;;;;;5055.5;309.9921875
1;19300;AMETHYSTS;9996;2;9995;23;;;9998;6;10004;2;10005;23;9997.0;329.0
1;19400;STARFRUIT;5053;26;;;;;5059;2;5060;24;;;5056.0;318.7890625
1;19400;AMETHYSTS;9996;2;9995;24;;;10002;5;10004;2;10005;24;9999.0;341.0
1;19500;AMETHYSTS;9995;23;;;;;10005;23;;;;;10000.0;341.0
1;19500;STARFRUIT;5053;23;;;;;5060;23;;;;;5056.5;320.1015625
1;19600;STARFRUIT;5053;27;;;;;5060;27;;;;;5056.5;339.96875
1;19600;AMETHYSTS;10002;1;9998;5;9996;1;10004;1;10005;26;;;10003.0;341.0
1;19700;STARFRUIT;5054;31;;;;;5061;31;;;;;5057.5;364.125
1;19700;AMETHYSTS;9996;2;9995;29;;;10004;2;10005;29;;;10000.0;343.0
1;19800;STARFRUIT;5054;28;;;;;5061;28;;;;;5057.5;365.1953125
1;19800;AMETHYSTS;9996;2;9995;26;;;10004;2;10005;26;;;10000.0;343.0
1;19900;AMETHYSTS;9996;1;9995;22;;;9998;1;10004;1;10005;22;9997.0;343.0
1;19900;STARFRUIT;5054;1;5053;22;;;5060;1;5061;22;;;5057.0;362.0
1;20000;STARFRUIT;5053;26;;;;;5059;4;5061;26;;;5056.0;361.99609375
1;20000;AMETHYSTS;9995;26;;;;;9998;1;10005;26;;;9996.5;345.0
1;20100;STARFRUIT;5054;30;;;;;5059;4;5061;30;;;5056.5;367.015625
1;20100;AMETHYSTS;9996;1;9995;29;;;9998;4;10004;1;10005;29;9997.0;347.0
1;20200;STARFRUIT;5054;20;;;;;5061;20;;;;;5057.5;368.1328125
1;20200;AMETHYSTS;10002;1;9995;20;;;10005;20;;;;;10003.5;351.0
1;20300;AMETHYSTS;10002;4;9995;24;;;10005;24;;;;;10003.5;353.0
1;20300;STARFRUIT;5055;24;;;;;5062;24;;;;;5058.5;373.890625
1;20400;STARFRUIT;5055;28;;;;;5057;3;5062;28;;;5056.0;376.0546875
1;20400;AMETHYSTS;10002;2;9996;1;9995;27;10004;1;10005;27;;;10003.0;361.0
1;20500;STARFRUIT;5055;25;;;;;5056;7;5062;26;;;5055.5;378.81640625
1;20500;AMETHYSTS;9998;7;9996;1;9995;25;10004;1;10005;25;;;10001.0;365.0
1;20600;STARFRUIT;5056;1;5055;24;;;5062;25;;;;;5059.0;398.5546875
1;20600;AMETHYSTS;9996;1;9995;24;;;9998;4;10002;5;10004;1;9997.0;365.0
1;20700;AMETHYSTS;9995;30;;;;;10005;30;;;;;10000.0;373.0
1;20700;STARFRUIT;5060;2;5056;3;5055;30;5062;30;;;;;5061.0;400.484375
1;20800;STARFRUIT;5055;26;;;;;5062;26;;;;;5058.5;399.7734375
1;20800;AMETHYSTS;9996;2;9995;24;;;10004;2;10005;24;;;10000.0;373.0
1;20900;STARFRUIT;5055;30;;;;;5062;31;;;;;5058.5;395.796875
1;20900;AMETHYSTS;9996;2;9995;29;;;10004;2;10005;29;;;10000.0;373.0
1;21000;STARFRUIT;5055;26;;;;;5061;1;5062;25;;;5058.0;391.5
1;21000;AMETHYSTS;9996;1;9995;25;;;10004;1;10005;25;;;10000.0;373.0
1;21100;AMETHYSTS;9995;28;;;;;10000;2;10005;28;;;9997.5;373.0
1;21100;STARFRUIT;5054;28;;;;;5057;2;5061;28;;;5055.5;388.640625
1;21200;STARFRUIT;5060;1;5055;29;;;5062;29;;;;;5061.0;392.78125
1;21200;AMETHYSTS;9995;29;;;;;9998;1;10005;29;;;9996.5;373.0
1;21300;STARFRUIT;5054;22;;;;;5060;2;5062;22;;;5057.0;391.1796875
1;21300;AMETHYSTS;9995;22;;;;;10005;22;;;;;10000.0;375.0
1;21400;STARFRUIT;5055;30;;;;;5061;1;5062;29;;;5058.0;391.671875
1;21400;AMETHYSTS;9996;1;9995;29;;;10004;1;10005;29;;;10000.0;375.0
1;21500;AMETHYSTS;9996;2;9995;28;;;10004;2;10005;28;;;10000.0;375.0
1;21500;STARFRUIT;5055;28;;;;;5056;5;5062;30;;;5055.5;402.3984375
1;21600;STARFRUIT;5056;2;5055;20;;;5062;22;;;;;5059.0;416.3046875
1;21600;AMETHYSTS;9998;5;9996;2;9995;20;10004;2;10005;20;;;10001.0;375.0
1;21700;STARFRUIT;5057;4;5056;27;;;5062;2;5063;25;;;5059.5;421.5703125
1;21700;AMETHYSTS;9996;2;9995;25;;;10004;2;10005;25;;;10000.0;375.0
1;21800;STARFRUIT;5056;26;;;;;5062;1;5063;25;;;5059.0;422.6640625
1;21800;AMETHYSTS;9996;1;9995;25;;;10004;1;10005;25;;;10000.0;375.0
1;21900;AMETHYSTS;9995;27;;;;;10002;3;10005;27;;;9998.5;375.0
1;21900;STARFRUIT;5056;27;;;;;5063;27;;;;;5059.5;436.25
1;22000;STARFRUIT;5057;2;5056;20;;;5063;22;;;;;5060.0;435.765625
1;22000;AMETHYSTS;9996;2;9995;20;;;10004;2;10005;20;;;10000.0;375.0
1;22100;STARFRUIT;5056;22;;;;;5061;4;5063;22;;;5058.5;430.2109375
1;22100;AMETHYSTS;9995;22;;;;;10005;22;;;;;10000.0;375.0
1;22200;STARFRUIT;5057;3;5056;23;;;5063;23;;;;;5060.0;436.6875
1;22200;AMETHYSTS;10002;1;9995;23;;;10005;23;;;;;10003.5;375.0
1;22300;AMETHYSTS;9996;2;9995;28;;;10004;2;10005;28;;;10000.0;377.0
1;22300;STARFRUIT;5057;30;;;;;5064;30;;;;;5060.5;443.421875
1;22400;STARFRUIT;5057;24;;;;;5064;24;;;;;5060.5;444.484375
1;22400;AMETHYSTS;9996;1;9995;23;;;10002;2;10004;1;10005;23;9999.0;377.0
1;22500;STARFRUIT;5062;1;5057;27;;;5064;27;;;;;5063.0;447.1328125
1;22500;AMETHYSTS;9998;2;9995;27;;;10005;27;;;;;10001.5;377.0
1;22600;STARFRUIT;5063;1;5062;4;5058;4;5064;26;;;;;5063.5;452.5546875
1;22600;AMETHYSTS;9998;5;9996;1;9995;25;10004;1;10005;25;;;10001.0;377.0
1;22700;AMETHYSTS;9996;1;9995;25;;;10002;9;10004;1;10005;25;9999.0;377.0
1;22700;STARFRUIT;5058;1;5057;25;;;5064;26;;;;;5061.0;456.921875
1;22800;STARFRUIT;5058;27;;;;;5065;27;;;;;5061.5;467.296875
1;22800;AMETHYSTS;10002;1;9996;1;9995;26;10004;1;10005;26;;;10003.0;377.0
1;22900;STARFRUIT;5057;22;;;;;5062;4;5064;23;;;5059.5;462.140625
1;22900;AMETHYSTS;10002;2;9996;1;9995;22;10004;1;10005;22;;;10003.0;379.0
1;23000;STARFRUIT;5064;1;5058;21;;;5065;21;;;;;5064.5;474.0859375
1;23000;AMETHYSTS;9996;1;9995;20;;;10002;2;10004;1;10005;20;9999.0;383.0
1;23100;STARFRUIT;5059;7;5058;28;;;5064;2;5065;26;;;5061.5;468.625
1;23100;AMETHYSTS;9996;2;9995;26;;;10004;2;10005;26;;;10000.0;383.0
1;23200;STARFRUIT;5059;1;5058;25;;;5065;25;;;;;5062.0;473.796875
1;23200;AMETHYSTS;9996;1;9995;24;;;10002;4;10004;1;10005;24;9999.0;383.0
1;23300;STARFRUIT;5059;2;5058;21;;;5065;23;;;;;5062.0;483.9296875
1;23300;AMETHYSTS;9996;2;9995;21;;;10004;2;10005;21;;;10000.0;383.0
1;23400;AMETHYSTS;9996;1;9995;29;;;10004;1;10005;29;;;10000.0;383.0
1;23400;STARFRUIT;5059;1;5058;29;;;5065;1;5066;29;;;5062.0;486.53125
1;23500;STARFRUIT;5060;3;5059;31;;;5066;31;;;;;5063.0;499.9453125
1;23500;AMETHYSTS;9996;1;9995;30;;;10004;1;10005;30;;;10000.0;383.0
1;23600;STARFRUIT;5059;26;;;;;5066;27;;;;;5062.5;496.6640625
1;23600;AMETHYSTS;9996;2;9995;25;;;10004;2;10005;25;;;10000.0;383.0
1;23700;STARFRUIT;5064;1;5059;21;;;5065;1;5066;20;;;5064.5;492.1484375
1;23700;AMETHYSTS;9996;1;9995;20;;;10004;1;10005;20;;;10000.0;383.0
1;23800;AMETHYSTS;9995;22;;;;;10005;22;;;;;10000.0;383.0
1;23800;STARFRUIT;5059;22;;;;;5066;22;;;;;5062.5;493.1640625
1;23900;STARFRUIT;5059;27;;;;;5066;27;;;;;5062.5;496.3984375
1;23900;AMETHYSTS;9995;27;;;;;10005;27;;;;;10000.0;383.0
1;24000;STARFRUIT;5060;6;5059;29;;;5066;29;;;;;5063.0;496.8671875
1;24000;AMETHYSTS;9995;29;;;;;10005;29;;;;;10000.0;383.0
1;24100;STARFRUIT;5059;22;;;;;5065;2;5066;20;;;5062.0;492.8203125
1;24100;AMETHYSTS;9996;2;9995;20;;;10004;2;10005;20;;;10000.0;383.0
1;24200;AMETHYSTS;9996;1;9995;23;;;10002;7;10004;1;10005;23;9999.0;383.0
1;24200;STARFRUIT;5059;24;;;;;5064;8;5065;1;5066;23;5061.5;493.671875
1;24300;STARFRUIT;5059;27;;;;;5060;1;5064;5;5066;27;5059.5;501.84375
1;24300;AMETHYSTS;10002;1;9995;27;;;10005;27;;;;;10003.5;383.0
1;24400;STARFRUIT;5060;8;5059;29;;;5066;29;;;;;5063.0;505.0390625
1;24400;AMETHYSTS;9996;1;9995;28;;;10004;1;10005;28;;;10000.0;385.0
1;24500;STARFRUIT;5059;2;5058;24;;;5065;26;;;;;5062.0;490.84375
1;24500;AMETHYSTS;9996;2;9995;24;;;10002;10;10004;2;10005;24;9999.0;385.0
1;24600;AMETHYSTS;9996;2;9995;22;;;10002;10;10004;2;10005;22;9999.0;385.0
1;24600;STARFRUIT;5058;24;;;;;5065;24;;;;;5061.5;483.140625
1;24700;STARFRUIT;5058;22;;;;;5065;22;;;;;5061.5;481.0546875
1;24700;AMETHYSTS;9996;2;9995;20;;;10004;2;10005;20;;;10000.0;385.0
1;24800;STARFRUIT;5058;28;;;;;5065;28;;;;;5061.5;490.78125
1;24800;AMETHYSTS;9995;28;;;;;10005;28;;;;;10000.0;385.0
1;24900;STARFRUIT;5059;24;;;;;5066;24;;;;;5062.5;494.5078125
1;24900;AMETHYSTS;9998;7;9995;24;;;10005;24;;;;;10001.5;385.0
1;25000;AMETHYSTS;10002;1;9996;1;9995;27;10004;1;10005;27;;;10003.0;385.0
1;25000;STARFRUIT;5059;1;5058;27;;;5065;28;;;;;5062.0;490.5234375
1;25100;STARFRUIT;5058;27;;;;;5065;27;;;;;5061.5;483.921875
1;25100;AMETHYSTS;9998;8;9996;1;9995;26;10004;1;10005;26;;;10001.0;387.0
1;25200;AMETHYSTS;9996;2;9995;24;;;10000;4;10004;2;10005;24;9998.0;387.0
1;25200;STARFRUIT;5060;6;5059;26;;;5062;4;5066;26;;;5061.0;497.28125
1;25300;AMETHYSTS;9998;9;9996;1;9995;21;10004;1;10005;21;;;10001.0;387.0
1;25300;STARFRUIT;5059;1;5058;21;;;5065;22;;;;;5062.0;488.0078125
1;25400;AMETHYSTS;10002;3;9996;2;9995;27;10004;2;10005;27;;;10003.0;387.0
1;25400;STARFRUIT;5059;29;;;;;5066;29;;;;;5062.5;498.6484375
1;25500;STARFRUIT;5059;1;5058;23;;;5064;6;5065;1;5066;23;5061.5;491.984375
1;25500;AMETHYSTS;9996;1;9995;23;;;10004;1;10005;23;;;10000.0;393.0
1;25600;AMETHYSTS;9995;24;;;;;10005;24;;;;;10000.0;393.0
1;25600;STARFRUIT;5059;24;;;;;5064;6;5066;24;;;5061.5;498.7890625
1;25700;AMETHYSTS;9996;1;9995;24;;;10004;1;10005;24;;;10000.0;393.0
1;25700;STARFRUIT;5059;1;5058;24;;;5065;25;;;;;5062.0;490.3515625
1;25800;AMETHYSTS;10002;1;9996;2;9995;27;10004;2;10005;27;;;10003.0;393.0
1;25800;STARFRUIT;5059;29;;;;;5066;29;;;;;5062.5;501.796875
1;25900;STARFRUIT;5059;29;;;;;5065;2;5066;27;;;5062.0;494.0703125
1;25900;AMETHYSTS;9996;2;9995;27;;;10004;2;10005;27;;;10000.0;395.0
1;26000;AMETHYSTS;9995;27;;;;;10005;27;;;;;10000.0;401.0
1;26000;STARFRUIT;5065;1;5059;27;;;5066;27;;;;;5065.5;512.90625
1;26100;AMETHYSTS;10002;1;9998;3;9996;1;10004;1;10005;24;;;10003.0;401.0
1;26100;STARFRUIT;5065;1;5061;2;5060;25;5066;1;5067;24;;;5065.5;518.6796875
1;26200;AMETHYSTS;10002;1;9996;2;9995;27;10004;2;10005;27;;;10003.0;403.0
1;26200;STARFRUIT;5059;29;;;;;5066;29;;;;;5062.5;509.7109375
1;26300;STARFRUIT;5059;25;;;;;5066;26;;;;;5062.5;516.203125
1;26300;AMETHYSTS;9996;1;9995;25;;;10002;1;10004;1;10005;25;9999.0;405.0
1;26400;AMETHYSTS;9995;27;;;;;10005;27;;;;;10000.0;405.0
1;26400;STARFRUIT;5059;27;;;;;5066;27;;;;;5062.5;510.9609375
1;26500;AMETHYSTS;9996;1;9995;21;;;10004;1;10005;21;;;10000.0;405.0
1;26500;STARFRUIT;5059;22;;;;;5065;1;5066;21;;;5062.0;505.0234375
1;26600;AMETHYSTS;9996;2;9995;29;;;9998;4;10004;2;10005;29;9997.0;405.0
1;26600;STARFRUIT;5058;31;;;;;5065;31;;;;;5061.5;493.390625
1;26700;STARFRUIT;5064;1;5059;8;5058;26;5066;26;;;;;5065.0;502.0859375
1;26700;AMETHYSTS;9995;26;;;;;10005;26;;;;;10000.0;413.0
1;26800;AMETHYSTS;10002;1;9998;7;9995;20;10005;20;;;;;10003.5;413.0
1;26800;STARFRUIT;5059;20;;;;;5066;20;;;;;5062.5;504.0078125
1;26900;AMETHYSTS;9995;22;;;;;10005;22;;;;;10000.0;415.0
1;26900;STARFRUIT;5058;22;;;;;5065;22;;;;;5061.5;499.90625
1;27000;AMETHYSTS;9998;2;9996;1;9995;26;10004;1;10005;26;;;10001.0;415.0
1;27000;STARFRUIT;5059;27;;;;;5064;6;5066;27;;;5061.5;506.921875
1;27100;STARFRUIT;5065;1;5059;29;;;5066;29;;;;;5065.5;510.1328125
1;27100;AMETHYSTS;9996;2;9995;27;;;9998;1;10002;10;10004;2;9997.0;415.0
1;27200;AMETHYSTS;9998;3;9996;2;9995;23;10004;2;10005;23;;;10001.0;417.0
1;27200;STARFRUIT;5063;1;5059;7;5058;25;5065;25;;;;;5064.0;496.546875
1;27300;AMETHYSTS;9995;25;;;;;10002;8;10005;25;;;9998.5;417.0
1;27300;STARFRUIT;5057;25;;;;;5058;1;5064;25;;;5057.5;485.4765625
1;27400;AMETHYSTS;9996;1;9995;22;;;9998;3;10004;1;10005;22;9997.0;417.0
1;27400;STARFRUIT;5061;6;5058;23;;;5064;1;5065;22;;;5062.5;496.1484375
1;27500;STARFRUIT;5058;30;;;;;5065;30;;;;;5061.5;494.21875
1;27500;AMETHYSTS;9995;30;;;;;10005;30;;;;;10000.0;423.0
1;27600;STARFRUIT;5063;1;5058;8;5057;26;5064;28;;;;;5063.5;490.8984375
1;27600;AMETHYSTS;9996;2;9995;26;;;10002;4;10004;2;10005;26;9999.0;423.0
1;27700;AMETHYSTS;9996;2;9995;30;;;10004;2;10005;30;;;10000.0;423.0
1;27700;STARFRUIT;5057;32;;;;;5064;32;;;;;5060.5;484.59375
1;27800;STARFRUIT;5057;5;5056;22;;;5063;22;;;;;5060.0;473.6015625
1;27800;AMETHYSTS;9998;2;9996;2;9995;20;10004;2;10005;20;;;10001.0;423.0
1;27900;STARFRUIT;5056;29;;;;;5061;8;5063;29;;;5058.5;467.5625
1;27900;AMETHYSTS;9995;29;;;;;10005;29;;;;;10000.0;423.0
1;28000;STARFRUIT;5056;4;5055;22;;;5063;22;;;;;5059.5;464.875
1;28000;AMETHYSTS;9995;22;;;;;10005;22;;;;;10000.0;423.0
1;28100;AMETHYSTS;9996;1;9995;20;;;10004;1;10005;20;;;10000.0;423.0
1;28100;STARFRUIT;5056;21;;;;;5062;1;5063;20;;;5059.0;467.3828125
1;28200;STARFRUIT;5056;23;;;;;5063;23;;;;;5059.5;473.3203125
1;28200;AMETHYSTS;9995;23;;;;;10005;23;;;;;10000.0;432.0
1;28300;STARFRUIT;5056;30;;;;;5063;30;;;;;5059.5;473.203125
1;28300;AMETHYSTS;9996;2;9995;28;;;10004;2;10005;28;;;10000.0;432.0
1;28400;STARFRUIT;5056;20;;;;;5063;20;;;;;5059.5;471.7421875
1;28400;AMETHYSTS;9995;20;;;;;10002;8;10005;20;;;9998.5;432.0
1;28500;AMETHYSTS;9996;2;9995;28;;;10004;2;10005;28;;;10000.0;432.0
1;28500;STARFRUIT;5056;5;5055;28;;;5062;30;;;;;5059.0;463.1875
1;28600;STARFRUIT;5055;27;;;;;5058;5;5062;28;;;5056.5;457.3671875
1;28600;AMETHYSTS;9996;2;9995;26;;;10000;5;10002;5;10004;2;9998.0;432.0
1;28700;STARFRUIT;5055;24;;;;;5056;1;5062;24;;;5055.5;461.3359375
1;28700;AMETHYSTS;9998;8;9996;2;9995;22;10004;2;10005;22;;;10001.0;432.0
1;28800;STARFRUIT;5055;21;;;;;5062;21;;;;;5058.5;464.59375
1;28800;AMETHYSTS;9995;21;;;;;10002;8;10005;21;;;9998.5;432.0
1;28900;AMETHYSTS;9996;1;9995;22;;;10002;5;10004;1;10005;22;9999.0;432.0
1;28900;STARFRUIT;5056;1;5055;23;;;5062;23;;;;;5059.0;462.21875
1;29000;STARFRUIT;5056;2;5055;24;;;5062;2;5063;24;;;5059.0;468.453125
1;29000;AMETHYSTS;10002;1;9996;2;9995;24;10004;2;10005;24;;;10003.0;432.0
1;29100;STARFRUIT;5055;23;;;;;5062;23;;;;;5058.5;460.359375
1;29100;AMETHYSTS;9995;23;;;;;10002;2;10005;23;;;9998.5;434.0
1;29200;STARFRUIT;5056;23;;;;;5062;1;5063;22;;;5059.0;468.828125
1;29200;AMETHYSTS;9996;1;9995;22;;;10004;1;10005;22;;;10000.0;434.0
1;29300;AMETHYSTS;9996;1;9995;22;;;10004;1;10005;22;;;10000.0;434.0
1;29300;STARFRUIT;5057;23;;;;;5063;1;5064;22;;;5060.0;485.5859375
1;29400;STARFRUIT;5057;2;5056;23;;;5063;25;;;;;5060.0;481.203125
1;29400;AMETHYSTS;9996;2;9995;23;;;10002;4;10004;2;10005;23;9999.0;434.0
1;29500;STARFRUIT;5056;19;;;;;5063;20;;;;;5059.5;475.2890625
1;29500;AMETHYSTS;9998;6;9995;20;;;10005;20;;;;;10001.5;434.0
1;29600;STARFRUIT;5055;27;;;;;5058;4;5062;27;;;5056.5;460.6640625
1;29600;AMETHYSTS;9996;1;9995;26;;;10000;4;10004;1;10005;26;9998.0;434.0
1;29700;AMETHYSTS;9996;1;9995;22;;;10002;7;10004;1;10005;22;9999.0;434.0
1;29700;STARFRUIT;5055;23;;;;;5060;8;5062;23;;;5057.5;457.1328125
1;29800;STARFRUIT;5061;1;5056;4;5055;25;5062;25;;;;;5061.5;464.2734375
1;29800;AMETHYSTS;9995;25;;;;;10005;25;;;;;10000.0;434.0
1;29900;STARFRUIT;5056;2;5055;30;;;5062;32;;;;;5059.0;469.46875
1;29900;AMETHYSTS;9996;2;9995;30;;;10004;2;10005;30;;;10000.0;449.0
1;30000;STARFRUIT;5057;4;5056;25;;;5063;25;;;;;5060.0;500.0
1;30000;AMETHYSTS;9998;10;9996;2;9995;23;10004;2;10005;23;;;10001.0;449.0
1;30100;AMETHYSTS;9996;1;9995;20;;;10004;1;10005;20;;;10000.0;449.0
1;30100;STARFRUIT;5056;21;;;;;5063;21;;;;;5059.5;500.0
1;30200;STARFRUIT;5057;2;5056;28;;;5063;2;5064;28;;;5060.0;500.0
1;30200;AMETHYSTS;9996;2;9995;28;;;9998;1;10002;8;10004;2;9997.0;449.0
1;30300;STARFRUIT;5057;31;;;;;5062;1;5064;31;;;5059.5;500.0
1;30300;AMETHYSTS;10002;4;9996;2;9995;29;10004;2;10005;29;;;10003.0;451.0
1;30400;STARFRUIT;5061;5;5057;30;;;5062;3;5064;30;;;5061.5;500.0
1;30400;AMETHYSTS;9995;30;;;;;10005;30;;;;;10000.0;459.0
1;30500;AMETHYSTS;9996;2;9995;28;;;10004;2;10005;28;;;10000.0;459.0
1;30500;STARFRUIT;5058;5;5057;30;;;5064;30;;;;;5061.0;502.078125
1;30600;STARFRUIT;5057;32;;;;;5062;7;5064;32;;;5059.5;501.671875
1;30600;AMETHYSTS;10002;1;9996;2;9995;30;10004;2;10005;30;;;10003.0;459.0
1;30700;STARFRUIT;5057;29;;;;;5064;29;;;;;5060.5;502.384765625
1;30700;AMETHYSTS;9996;2;9995;27;;;10004;2;10005;27;;;10000.0;473.0
1;30800;STARFRUIT;5057;31;;;;;5064;31;;;;;5060.5;503.69921875
1;30800;AMETHYSTS;9998;8;9996;2;9995;29;10004;2;10005;29;;;10001.0;473.0
1;30900;AMETHYSTS;9995;21;;;;;10005;21;;;;;10000.0;473.0
1;30900;STARFRUIT;5057;21;;;;;5062;7;5064;21;;;5059.5;501.87890625
1;31000;STARFRUIT;5064;1;5063;5;5058;28;5065;28;;;;;5064.5;497.283203125
1;31000;AMETHYSTS;9996;2;9995;26;;;10002;2;10004;2;10005;26;9999.0;473.0
1;31100;STARFRUIT;5058;23;;;;;5059;9;5065;23;;;5058.5;501.75
1;31100;AMETHYSTS;10002;1;9995;23;;;10005;23;;;;;10003.5;473.0
1;31200;STARFRUIT;5058;22;;;;;5059;1;5063;8;5065;22;5058.5;525.291015625
1;31200;AMETHYSTS;9996;1;9995;21;;;10002;6;10004;1;10005;21;9999.0;475.0
1;31300;AMETHYSTS;9996;2;9995;20;;;10004;2;10005;20;;;10000.0;475.0
1;31300;STARFRUIT;5059;2;5058;20;;;5065;2;5066;20;;;5062.0;529.0498046875
1;31400;STARFRUIT;5058;22;;;;;5065;22;;;;;5061.5;528.70703125
1;31400;AMETHYSTS;9995;22;;;;;10005;22;;;;;10000.0;475.0
1;31500;STARFRUIT;5059;22;;;;;5065;1;5066;21;;;5062.0;529.255859375
1;31500;AMETHYSTS;9996;1;9995;21;;;10004;1;10005;21;;;10000.0;475.0
1;31600;STARFRUIT;5059;24;;;;;5066;24;;;;;5062.5;530.4765625
1;31600;AMETHYSTS;9995;24;;;;;9998;3;10005;24;;;9996.5;475.0
1;31700;AMETHYSTS;9995;29;;;;;10002;3;10005;29;;;9998.5;481.0
1;31700;STARFRUIT;5059;29;;;;;5066;29;;;;;5062.5;529.48046875
1;31800;STARFRUIT;5064;2;5059;24;;;5066;24;;;;;5065.0;530.9453125
1;31800;AMETHYSTS;9996;2;9995;22;;;10002;2;10004;2;10005;22;9999.0;490.0
1;31900;STARFRUIT;5060;6;5059;28;;;5066;28;;;;;5063.0;530.099609375
1;31900;AMETHYSTS;9996;2;9995;26;;;10004;2;10005;26;;;10000.0;490.0
1;32000;AMETHYSTS;9996;2;9995;20;;;10002;10;10004;2;10005;20;9999.0;490.0
1;32000;STARFRUIT;5059;22;;;;;5066;22;;;;;5062.5;530.99609375
1;32100;STARFRUIT;5059;25;;;;;5066;25;;;;;5062.5;530.046875
1;32100;AMETHYSTS;9998;9;9995;25;;;10005;25;;;;;10001.5;490.0
1;32200;STARFRUIT;5059;25;;;;;5066;25;;;;;5062.5;535.84765625
1;32200;AMETHYSTS;9996;1;9995;24;;;10002;5;10004;1;10005;24;9999.0;490.0
1;32300;STARFRUIT;5062;3;5059;32;;;5066;32;;;;;5064.0;534.640625
1;32300;AMETHYSTS;10000;3;9996;2;9995;30;10004;2;10005;30;;;10002.0;490.0
1;32400;AMETHYSTS;9998;2;9995;29;;;10005;29;;;;;10001.5;490.0
1;32400;STARFRUIT;5059;29;;;;;5066;29;;;;;5062.5;534.603515625
1;32500;STARFRUIT;5060;1;5059;26;;;5066;26;;;;;5063.0;535.001953125
1;32500;AMETHYSTS;10002;1;9996;2;9995;24;10004;2;10005;24;;;10003.0;490.0
1;32600;STARFRUIT;5059;28;;;;;5066;28;;;;;5062.5;535.287109375
1;32600;AMETHYSTS;9998;1;9996;2;9995;26;10004;2;10005;26;;;10001.0;492.0
1;32700;STARFRUIT;5059;32;;;;;5065;2;5066;30;;;5062.0;533.8359375
1;32700;AMETHYSTS;9996;2;9995;30;;;10004;2;10005;30;;;10000.0;492.0
1;32800;AMETHYSTS;9995;29;;;;;10005;29;;;;;10000.0;492.0
1;32800;STARFRUIT;5058;29;;;;;5065;29;;;;;5061.5;532.396484375
1;32900;STARFRUIT;5059;21;;;;;5066;21;;;;;5062.5;535.0078125
1;32900;AMETHYSTS;9996;1;9995;20;;;10002;10;10004;1;10005;20;9999.0;492.0
1;33000;STARFRUIT;5058;28;;;;;5063;4;5065;28;;;5060.5;531.734375
1;33000;AMETHYSTS;9998;2;9995;28;;;10005;28;;;;;10001.5;492.0
1;33100;STARFRUIT;5059;1;5058;25;;;5065;26;;;;;5062.0;532.412109375
1;33100;AMETHYSTS;9996;1;9995;25;;;10004;1;10005;25;;;10000.0;492.0
1;33200;AMETHYSTS;9996;1;9995;23;;;10004;1;10005;23;;;10000.0;492.0
1;33200;STARFRUIT;5058;24;;;;;5063;5;5065;24;;;5060.5;531.33984375
1;33300;STARFRUIT;5058;31;;;;;5065;31;;;;;5061.5;531.5546875
1;33300;AMETHYSTS;9996;1;9995;30;;;10002;1;10004;1;10005;30;9999.0;492.0
1;33400;STARFRUIT;5059;20;;;;;5064;2;5066;20;;;5061.5;534.142578125
1;33400;AMETHYSTS;9995;20;;;;;10005;20;;;;;10000.0;492.0
1;33500;STARFRUIT;5059;23;;;;;5065;2;5066;21;;;5062.0;533.763671875
1;33500;AMETHYSTS;9996;2;9995;21;;;10002;4;10004;2;10005;21;9999.0;492.0
1;33600;AMETHYSTS;9995;27;;;;;9998;2;10005;27;;;9996.5;492.0
1;33600;STARFRUIT;5058;27;;;;;5065;27;;;;;5061.5;532.7734375
1;33700;STARFRUIT;5058;1;5057;25;;;5062;6;5064;26;;;5060.0;527.626953125
1;33700;AMETHYSTS;9996;1;9995;25;;;10004;1;10005;25;;;10000.0;496.0
1;33800;STARFRUIT;5058;21;;;;;5065;21;;;;;5061.5;528.185546875
1;33800;AMETHYSTS;9995;21;;;;;10002;4;10005;21;;;9998.5;496.0
1;33900;STARFRUIT;5058;1;5057;27;;;5064;28;;;;;5061.0;527.3046875
1;33900;AMETHYSTS;9996;1;9995;27;;;10004;1;10005;27;;;10000.0;496.0
1;34000;AMETHYSTS;9996;2;9995;28;;;10004;2;10005;28;;;10000.0;532.0
1;34000;STARFRUIT;5063;1;5058;2;5057;28;5064;30;;;;;5063.5;527.4140625
1;34100;STARFRUIT;5057;27;;;;;5064;27;;;;;5060.5;527.994140625
1;34100;AMETHYSTS;9996;2;9995;25;;;10004;2;10005;25;;;10000.0;532.0
1;34200;AMETHYSTS;9996;2;9995;30;;;10002;2;10004;2;10005;30;9999.0;532.0
1;34200;STARFRUIT;5057;32;;;;;5063;2;5064;30;;;5060.0;526.169921875
1;34300;AMETHYSTS;9996;1;9995;28;;;10004;1;10005;28;;;10000.0;532.0
1;34300;STARFRUIT;5057;29;;;;;5058;1;5064;29;;;5057.5;528.720703125
1;34400;AMETHYSTS;9996;2;9995;28;;;10004;2;10005;28;;;10000.0;532.0
1;34400;STARFRUIT;5058;30;;;;;5065;30;;;;;5061.5;534.466796875
1;34500;STARFRUIT;5058;24;;;;;5064;2;5065;22;;;5061.0;533.8671875
1;34500;AMETHYSTS;9996;2;9995;22;;;10004;2;10005;22;;;10000.0;532.0
1;34600;AMETHYSTS;9995;24;;;;;10005;24;;;;;10000.0;532.0
1;34600;STARFRUIT;5058;24;;;;;5065;24;;;;;5061.5;534.76171875
1;34700;AMETHYSTS;9996;2;9995;23;;;10004;2;10005;23;;;10000.0;532.0
1;34700;STARFRUIT;5058;7;5057;25;;;5064;25;;;;;5061.0;578.0546875
1;34800;AMETHYSTS;9998;3;9996;2;9995;22;10004;2;10005;22;;;10001.0;532.0
1;34800;STARFRUIT;5057;24;;;;;5058;10;5064;24;;;5057.5;580.2421875
1;34900;STARFRUIT;5056;24;;;;;5063;24;;;;;5059.5;603.88818359375
1;34900;AMETHYSTS;9995;24;;;;;10005;24;;;;;10000.0;532.0
1;35000;AMETHYSTS;9995;29;;;;;10005;29;;;;;10000.0;532.0
1;35000;STARFRUIT;5056;29;;;;;5063;29;;;;;5059.5;603.42236328125
1;35100;AMETHYSTS;9996;2;9995;21;;;10004;2;10005;21;;;10000.0;532.0
1;35100;STARFRUIT;5056;23;;;;;5063;23;;;;;5059.5;603.408203125
1;35200;AMETHYSTS;9995;24;;;;;10005;24;;;;;10000.0;532.0
1;35200;STARFRUIT;5056;24;;;;;5061;3;5063;24;;;5058.5;603.18701171875
1;35300;STARFRUIT;5057;8;5056;23;;;5062;1;5063;22;;;5059.5;603.095703125
1;35300;AMETHYSTS;9998;8;9996;1;9995;22;10004;1;10005;22;;;10001.0;532.0
1;35400;AMETHYSTS;10002;1;9996;2;9995;25;10004;2;10005;25;;;10003.0;532.0
1;35400;STARFRUIT;5056;27;;;;;5062;2;5063;25;;;5059.0;603.09130859375
1;35500;AMETHYSTS;9996;2;9995;27;;;10004;2;10005;27;;;10000.0;540.0
1;35500;STARFRUIT;5055;29;;;;;5062;29;;;;;5058.5;602.5830078125
1;35600;AMETHYSTS;9996;1;9995;23;;;10002;3;10004;1;10005;23;9999.0;540.0
1;35600;STARFRUIT;5055;24;;;;;5061;1;5062;23;;;5058.0;602.14599609375
1;35700;STARFRUIT;5055;2;5054;29;;;5061;31;;;;;5058.0;601.8798828125
1;35700;AMETHYSTS;9996;2;9995;29;;;10002;9;10004;2;10005;29;9999.0;540.0
1;35800;AMETHYSTS;9996;2;9995;21;;;10004;2;10005;21;;;10000.0;540.0
1;35800;STARFRUIT;5056;6;5055;23;;;5061;2;5062;21;;;5058.5;602.1337890625
1;35900;AMETHYSTS;9996;2;9995;28;;;10004;2;10005;28;;;10000.0;540.0
1;35900;STARFRUIT;5055;2;5054;28;;;5061;30;;;;;5058.0;601.9296875
1;36000;AMETHYSTS;9995;30;;;;;10000;2;10002;9;10005;30;9997.5;540.0
1;36000;STARFRUIT;5054;30;;;;;5057;2;5059;2;5061;30;5055.5;601.86083984375
1;36100;STARFRUIT;5055;2;5054;21;;;5059;6;5061;23;;;5057.0;601.9453125
1;36100;AMETHYSTS;9998;7;9996;2;9995;21;10004;2;10005;21;;;10001.0;540.0
1;36200;AMETHYSTS;9998;5;9996;1;9995;29;10004;1;10005;29;;;10001.0;540.0
1;36200;STARFRUIT;5055;1;5054;29;;;5061;30;;;;;5058.0;601.884765625
1;36300;AMETHYSTS;9996;1;9995;30;;;10004;1;10005;30;;;10000.0;540.0
1;36300;STARFRUIT;5054;31;;;;;5060;1;5061;30;;;5057.0;601.1630859375
1;36400;STARFRUIT;5055;1;5054;29;;;5061;29;;;;;5058.0;601.697265625
1;36400;AMETHYSTS;9996;1;9995;28;;;10002;8;10004;1;10005;28;9999.0;540.0
1;36500;STARFRUIT;5055;28;;;;;5062;29;;;;;5058.5;602.2666015625
1;36500;AMETHYSTS;9996;2;9995;27;;;10004;2;10005;27;;;10000.0;540.0
1;36600;STARFRUIT;5055;31;;;;;5058;2;5062;31;;;5056.5;602.431640625
1;36600;AMETHYSTS;9996;1;9995;30;;;10000;2;10004;1;10005;30;9998.0;540.0
1;36700;AMETHYSTS;10002;1;9996;1;9995;21;10004;1;10005;21;;;10003.0;540.0
1;36700;STARFRUIT;5055;22;;;;;5061;1;5062;21;;;5058.0;602.1416015625
1;36800;STARFRUIT;5055;2;5054;23;;;5061;25;;;;;5058.0;601.86328125
1;36800;AMETHYSTS;9996;2;9995;23;;;10004;2;10005;23;;;10000.0;542.0
1;36900;STARFRUIT;5054;22;;;;;5061;22;;;;;5057.5;601.58740234375
1;36900;AMETHYSTS;9998;6;9995;22;;;10005;22;;;;;10001.5;542.0
1;37000;STARFRUIT;5055;2;5054;20;;;5061;22;;;;;5058.0;601.875
1;37000;AMETHYSTS;9996;2;9995;20;;;10004;2;10005;20;;;10000.0;542.0
1;37100;AMETHYSTS;10000;5;9995;24;;;10005;24;;;;;10002.5;542.0
1;37100;STARFRUIT;5057;5;5054;24;;;5061;24;;;;;5059.0;601.95703125
1;37200;STARFRUIT;5055;2;5054;27;;;5061;2;5062;27;;;5058.0;620.234375
1;37200;AMETHYSTS;9996;2;9995;27;;;10004;2;10005;27;;;10000.0;542.0
1;37300;STARFRUIT;5055;1;5054;22;;;5059;4;5061;23;;;5057.0;620.61328125
1;37300;AMETHYSTS;9996;1;9995;22;;;10004;1;10005;22;;;10000.0;542.0
1;37400;STARFRUIT;5055;4;5054;22;;;5062;22;;;;;5058.5;620.203125
1;37400;AMETHYSTS;9995;22;;;;;10005;22;;;;;10000.0;551.0
1;37500;AMETHYSTS;10000;5;9996;1;9995;30;10004;1;10005;30;;;10002.0;551.0
1;37500;STARFRUIT;5058;5;5055;31;;;5062;31;;;;;5060.0;617.8359375
1;37600;STARFRUIT;5055;25;;;;;5060;5;5062;25;;;5057.5;618.25
1;37600;AMETHYSTS;9996;1;9995;24;;;10004;1;10005;24;;;10000.0;551.0
1;37700;STARFRUIT;5054;20;;;;;5061;20;;;;;5057.5;637.88330078125
1;37700;AMETHYSTS;10002;1;9995;20;;;10005;20;;;;;10003.5;581.0
1;37800;STARFRUIT;5055;25;;;;;5062;25;;;;;5058.5;638.7353515625
1;37800;AMETHYSTS;9996;2;9995;23;;;10004;2;10005;23;;;10000.0;583.0
1;37900;AMETHYSTS;9996;2;9995;27;;;10004;2;10005;27;;;10000.0;589.0
1;37900;STARFRUIT;5055;29;;;;;5062;29;;;;;5058.5;641.75634765625
1;38000;STARFRUIT;5055;30;;;;;5062;30;;;;;5058.5;641.47119140625
1;38000;AMETHYSTS;9998;3;9995;30;;;10005;30;;;;;10001.5;589.0
1;38100;STARFRUIT;5055;29;;;;;5060;4;5062;29;;;5057.5;641.240234375
1;38100;AMETHYSTS;9998;4;9996;1;9995;28;10004;1;10005;28;;;10001.0;589.0
1;38200;STARFRUIT;5055;31;;;;;5062;31;;;;;5058.5;641.62158203125
1;38200;AMETHYSTS;9998;4;9996;2;9995;29;10004;2;10005;29;;;10001.0;589.0
1;38300;AMETHYSTS;9995;22;;;;;10005;22;;;;;10000.0;589.0
1;38300;STARFRUIT;5056;5;5055;22;;;5062;22;;;;;5059.0;641.5185546875
1;38400;STARFRUIT;5055;31;;;;;5056;4;5061;2;5062;29;5055.5;641.837890625
1;38400;AMETHYSTS;9996;2;9995;29;;;10004;2;10005;29;;;10000.0;589.0
1;38500;STARFRUIT;5055;24;;;;;5061;2;5062;22;;;5058.0;650.205078125
1;38500;AMETHYSTS;9996;2;9995;22;;;10004;2;10005;22;;;10000.0;589.0
1;38600;STARFRUIT;5055;31;;;;;5062;31;;;;;5058.5;651.5263671875
1;38600;AMETHYSTS;10002;1;9996;2;9995;29;10004;2;10005;29;;;10003.0;589.0
1;38700;AMETHYSTS;9996;2;9995;20;;;10004;2;10005;20;;;10000.0;591.0
1;38700;STARFRUIT;5056;21;;;;;5063;22;;;;;5059.5;653.7353515625
1;38800;STARFRUIT;5056;2;5055;25;;;5060;2;5062;27;;;5058.0;652.435546875
1;38800;AMETHYSTS;9996;2;9995;25;;;10004;2;10005;25;;;10000.0;591.0
1;38900;STARFRUIT;5056;2;5055;23;;;5062;2;5063;23;;;5059.0;652.97265625
1;38900;AMETHYSTS;9996;2;9995;23;;;10004;2;10005;23;;;10000.0;591.0
1;39000;STARFRUIT;5056;24;;;;;5059;3;5061;6;5062;1;5057.5;653.119140625
1;39000;AMETHYSTS;9996;1;9995;23;;;10000;3;10004;1;10005;23;9998.0;591.0
1;39100;AMETHYSTS;9996;2;9995;28;;;9998;3;10004;2;10005;28;9997.0;591.0
1;39100;STARFRUIT;5057;8;5056;30;;;5062;2;5063;28;;;5059.5;653.232421875
1;39200;STARFRUIT;5056;5;5055;21;;;5058;4;5062;21;;;5057.0;654.8447265625
1;39200;AMETHYSTS;9995;21;;;;;10000;4;10005;21;;;9997.5;597.0
1;39300;STARFRUIT;5056;24;;;;;5063;24;;;;;5059.5;655.2060546875
1;39300;AMETHYSTS;9995;24;;;;;10005;24;;;;;10000.0;603.0
1;39400;STARFRUIT;5056;21;;;;;5063;21;;;;;5059.5;655.5751953125
1;39400;AMETHYSTS;9995;21;;;;;10005;21;;;;;10000.0;603.0
1;39500;AMETHYSTS;9995;29;;;;;10005;29;;;;;10000.0;603.0
1;39500;STARFRUIT;5056;29;;;;;5061;3;5063;29;;;5058.5;655.625
1;39600;STARFRUIT;5056;31;;;;;5063;31;;;;;5059.5;655.4794921875
1;39600;AMETHYSTS;9996;1;9995;30;;;10004;1;10005;30;;;10000.0;603.0
1;39700;STARFRUIT;5055;29;;;;;5058;6;5062;30;;;5056.5;654.8388671875
1;39700;AMETHYSTS;9996;1;9995;29;;;10000;6;10004;1;10005;29;9998.0;603.0
1;39800;STARFRUIT;5055;24;;;;;5062;24;;;;;5058.5;653.8154296875
1;39800;AMETHYSTS;9996;2;9995;22;;;9998;1;10004;2;10005;22;9997.0;603.0
1;39900;AMETHYSTS;9998;10;9996;1;9995;28;10004;1;10005;28;;;10001.0;605.0
1;39900;STARFRUIT;5055;29;;;;;5060;7;5061;1;5062;28;5057.5;653.1357421875
1;40000;STARFRUIT;5055;1;5054;25;;;5061;1;5062;25;;;5058.0;652.998046875
1;40000;AMETHYSTS;10002;11;9996;1;9995;25;10004;1;10005;25;;;10003.0;605.0
1;40100;STARFRUIT;5055;30;;;;;5060;4;5062;30;;;5057.5;682.3203125
1;40100;AMETHYSTS;9995;30;;;;;10005;30;;;;;10000.0;627.0
1;40200;STARFRUIT;5055;25;;;;;5062;25;;;;;5058.5;687.6796875
1;40200;AMETHYSTS;9996;1;9995;24;;;10002;7;10004;1;10005;24;9999.0;627.0
1;40300;AMETHYSTS;10002;4;9996;1;9995;29;10004;1;10005;29;;;10003.0;627.0
1;40300;STARFRUIT;5055;30;;;;;5062;30;;;;;5058.5;704.3984375
1;40400;STARFRUIT;5055;25;;;;;5062;25;;;;;5058.5;705.2890625
1;40400;AMETHYSTS;9996;2;9995;23;;;10004;2;10005;23;;;10000.0;627.0
1;40500;STARFRUIT;5054;22;;;;;5061;22;;;;;5057.5;694.7734375
1;40500;AMETHYSTS;9996;1;9995;21;;;10004;1;10005;21;;;10000.0;627.0
1;40600;STARFRUIT;5054;28;;;;;5061;28;;;;;5057.5;698.3828125
1;40600;AMETHYSTS;10002;1;9995;28;;;10005;28;;;;;10003.5;627.0
1;40700;AMETHYSTS;9998;10;9996;1;9995;29;10004;1;10005;29;;;10001.0;627.0
1;40700;STARFRUIT;5061;1;5056;6;5055;30;5062;30;;;;;5061.5;703.9765625
1;40800;STARFRUIT;5055;21;;;;;5062;21;;;;;5058.5;705.578125
1;40800;AMETHYSTS;9995;21;;;;;10005;21;;;;;10000.0;627.0
1;40900;STARFRUIT;5056;3;5054;25;;;5062;25;;;;;5059.0;702.21484375
1;40900;AMETHYSTS;9998;2;9995;25;;;10005;25;;;;;10001.5;627.0
1;41000;AMETHYSTS;9998;10;9996;1;9995;20;10000;2;10004;1;10005;20;9999.0;627.0
1;41000;STARFRUIT;5055;21;;;;;5058;2;5060;7;5062;21;5056.5;705.2890625
1;41100;STARFRUIT;5055;2;5054;23;;;5061;2;5062;23;;;5058.0;701.90234375
1;41100;AMETHYSTS;9996;2;9995;23;;;10004;2;10005;23;;;10000.0;627.0
1;41200;STARFRUIT;5055;20;;;;;5062;20;;;;;5058.5;706.26171875
1;41200;AMETHYSTS;9995;20;;;;;10005;20;;;;;10000.0;627.0
1;41300;STARFRUIT;5055;8;5054;27;;;5062;27;;;;;5058.5;702.07421875
1;41300;AMETHYSTS;9995;27;;;;;10005;27;;;;;10000.0;627.0
1;41400;AMETHYSTS;9996;1;9995;29;;;10004;1;10005;29;;;10000.0;627.0
1;41400;STARFRUIT;5055;5;5054;30;;;5056;5;5061;30;;;5055.5;697.75390625
1;41500;STARFRUIT;5055;7;5054;31;;;5060;2;5061;29;;;5057.5;700.421875
1;41500;AMETHYSTS;9996;2;9995;29;;;10004;2;10005;29;;;10000.0;627.0
1;41600;STARFRUIT;5053;26;;;;;5060;26;;;;;5056.5;693.109375
1;41600;AMETHYSTS;9995;26;;;;;10005;26;;;;;10000.0;627.0
1;41700;STARFRUIT;5058;2;5053;23;;;5060;23;;;;;5059.0;691.0546875
1;41700;AMETHYSTS;9995;23;;;;;10005;23;;;;;10000.0;627.0
1;41800;AMETHYSTS;9996;1;9995;21;;;10004;1;10005;21;;;10000.0;627.0
1;41800;STARFRUIT;5053;21;;;;;5060;1;5061;21;;;5056.5;698.3515625
1;41900;STARFRUIT;5054;28;;;;;5061;28;;;;;5057.5;706.7890625
1;41900;AMETHYSTS;9995;28;;;;;10002;8;10005;28;;;9998.5;627.0
1;42000;STARFRUIT;5055;28;;;;;5062;28;;;;;5058.5;715.453125
1;42000;AMETHYSTS;9996;1;9995;27;;;9998;1;10004;1;10005;27;9997.0;627.0
1;42100;STARFRUIT;5057;7;5056;22;;;5063;22;;;;;5060.0;729.265625
1;42100;AMETHYSTS;10002;2;9995;22;;;10005;22;;;;;10003.5;629.0
1;42200;AMETHYSTS;9995;22;;;;;10005;22;;;;;10000.0;631.0
1;42200;STARFRUIT;5056;22;;;;;5063;22;;;;;5059.5;728.2265625
1;42300;STARFRUIT;5056;2;5055;20;;;5062;22;;;;;5059.0;724.9375
1;42300;AMETHYSTS;9996;2;9995;20;;;10004;2;10005;20;;;10000.0;631.0
1;42400;STARFRUIT;5055;28;;;;;5062;28;;;;;5058.5;720.8828125
1;42400;AMETHYSTS;9996;2;9995;26;;;10002;2;10004;2;10005;26;9999.0;631.0
1;42500;STARFRUIT;5055;24;;;;;5060;2;5062;24;;;5057.5;721.421875
1;42500;AMETHYSTS;9995;24;;;;;10005;24;;;;;10000.0;634.0
1;42600;AMETHYSTS;9995;28;;;;;10005;28;;;;;10000.0;634.0
1;42600;STARFRUIT;5060;1;5055;28;;;5062;28;;;;;5061.0;717.109375
1;42700;STARFRUIT;5055;1;5054;23;;;5061;24;;;;;5058.0;711.109375
1;42700;AMETHYSTS;9996;1;9995;23;;;10004;1;10005;23;;;10000.0;634.0
1;42800;STARFRUIT;5054;29;;;;;5058;2;5062;29;;;5056.0;714.09375
1;42800;AMETHYSTS;9995;29;;;;;10000;2;10005;29;;;9997.5;634.0
1;42900;STARFRUIT;5054;20;;;;;5061;20;;;;;5057.5;701.5859375
1;42900;AMETHYSTS;10002;5;9995;20;;;10005;20;;;;;10003.5;634.0
1;43000;AMETHYSTS;9996;1;9995;26;;;10002;6;10004;1;10005;26;9999.0;636.0
1;43000;STARFRUIT;5054;27;;;;;5061;27;;;;;5057.5;707.015625
1;43100;STARFRUIT;5054;25;;;;;5061;25;;;;;5057.5;704.2265625
1;43100;AMETHYSTS;9998;9;9996;1;9995;24;10004;1;10005;24;;;10001.0;636.0
1;43200;AMETHYSTS;9996;2;9995;29;;;10002;5;10004;2;10005;29;9999.0;636.0
1;43200;STARFRUIT;5054;2;5053;29;;;5060;2;5061;29;;;5057.0;699.0546875
1;43300;AMETHYSTS;9998;10;9995;20;;;10005;20;;;;;10001.5;645.0
1;43300;STARFRUIT;5059;1;5053;20;;;5061;20;;;;;5060.0;699.140625
1;43400;AMETHYSTS;9996;2;9995;22;;;10004;2;10005;22;;;10000.0;645.0
1;43400;STARFRUIT;5054;24;;;;;5060;2;5061;22;;;5057.0;700.640625
1;43500;STARFRUIT;5055;6;5054;25;;;5061;25;;;;;5058.0;708.8515625
1;43500;AMETHYSTS;9996;1;9995;24;;;10002;7;10004;1;10005;24;9999.0;645.0
1;43600;AMETHYSTS;9995;22;;;;;10002;5;10005;22;;;9998.5;645.0
1;43600;STARFRUIT;5054;22;;;;;5059;1;5061;22;;;5056.5;702.4609375
1;43700;AMETHYSTS;9996;1;9995;29;;;10002;6;10004;1;10005;29;9999.0;645.0
1;43700;STARFRUIT;5054;1;5053;29;;;5060;30;;;;;5057.0;697.40625
1;43800;AMETHYSTS;9996;1;9995;22;;;10004;1;10005;22;;;10000.0;645.0
1;43800;STARFRUIT;5053;23;;;;;5060;23;;;;;5056.5;691.2421875
1;43900;STARFRUIT;5053;8;5052;24;;;5059;26;;;;;5056.0;683.265625
1;43900;AMETHYSTS;9996;2;9995;24;;;10002;2;10004;2;10005;24;9999.0;645.0
1;44000;AMETHYSTS;10002;4;9998;10;9996;2;10004;2;10005;25;;;10003.0;645.0
1;44000;STARFRUIT;5053;27;;;;;5059;2;5060;25;;;5056.0;687.2265625
1;44100;AMETHYSTS;9996;2;9995;22;;;10004;2;10005;22;;;10000.0;651.0
1;44100;STARFRUIT;5053;24;;;;;5058;4;5060;24;;;5055.5;692.6796875
1;44200;AMETHYSTS;9995;24;;;;;10005;24;;;;;10000.0;651.0
1;44200;STARFRUIT;5053;24;;;;;5060;24;;;;;5056.5;693.078125
1;44300;STARFRUIT;5053;26;;;;;5060;26;;;;;5056.5;693.59375
1;44300;AMETHYSTS;9996;2;9995;24;;;9998;2;10004;2;10005;24;9997.0;651.0
1;44400;AMETHYSTS;9996;1;9995;25;;;10002;7;10004;1;10005;25;9999.0;655.0
1;44400;STARFRUIT;5054;1;5053;26;;;5060;26;;;;;5057.0;691.15625
1;44500;AMETHYSTS;9995;30;;;;;10005;30;;;;;10000.0;655.0
1;44500;STARFRUIT;5053;30;;;;;5060;30;;;;;5056.5;694.390625
1;44600;AMETHYSTS;9996;1;9995;21;;;10004;1;10005;21;;;10000.0;655.0
1;44600;STARFRUIT;5054;22;;;;;5060;1;5061;21;;;5057.0;700.828125
1;44700;STARFRUIT;5054;27;;;;;5059;6;5061;27;;;5056.5;706.734375
1;44700;AMETHYSTS;9996;2;9995;25;;;10004;2;10005;25;;;10000.0;655.0
1;44800;AMETHYSTS;9995;25;;;;;10005;25;;;;;10000.0;655.0
1;44800;STARFRUIT;5054;25;;;;;5059;3;5061;25;;;5056.5;708.265625
1;44900;AMETHYSTS;9996;2;9995;21;;;10004;2;10005;21;;;10000.0;655.0
1;44900;STARFRUIT;5054;23;;;;;5060;2;5061;21;;;5057.0;702.21875
1;45000;AMETHYSTS;9996;1;9995;27;;;10004;1;10005;27;;;10000.0;655.0
1;45000;STARFRUIT;5054;28;;;;;5055;1;5061;28;;;5054.5;707.1875
1;45100;STARFRUIT;5053;27;;;;;5060;27;;;;;5056.5;698.65625
1;45100;AMETHYSTS;9995;27;;;;;9998;1;10005;27;;;9996.5;655.0
1;45200;AMETHYSTS;10002;1;9996;1;9995;20;10004;1;10005;20;;;10003.0;657.0
1;45200;STARFRUIT;5053;20;;;;;5060;1;5061;20;;;5056.5;700.53125
1;45300;AMETHYSTS;9995;23;;;;;10005;23;;;;;10000.0;659.0
1;45300;STARFRUIT;5053;23;;;;;5054;1;5060;23;;;5053.5;699.984375
1;45400;STARFRUIT;5054;25;;;;;5061;25;;;;;5057.5;712.703125
1;45400;AMETHYSTS;9998;4;9995;25;;;10005;25;;;;;10001.5;659.0
1;45500;STARFRUIT;5054;21;;;;;5055;3;5060;1;5061;20;5054.5;706.1484375
1;45500;AMETHYSTS;9996;1;9995;20;;;9998;3;10004;1;10005;20;9997.0;659.0
1;45600;STARFRUIT;5054;1;5053;23;;;5059;6;5060;1;5061;23;5056.5;703.7734375
1;45600;AMETHYSTS;9996;1;9995;23;;;10004;1;10005;23;;;10000.0;665.0
1;45700;AMETHYSTS;10002;1;9996;2;9995;21;10004;2;10005;21;;;10003.0;665.0
1;45700;STARFRUIT;5054;23;;;;;5061;23;;;;;5057.5;710.0859375
1;45800;STARFRUIT;5057;5;5054;32;;;5061;32;;;;;5059.0;713.4375
1;45800;AMETHYSTS;10000;5;9998;7;9996;2;10004;2;10005;30;;;10002.0;667.0
1;45900;STARFRUIT;5054;26;;;;;5055;1;5061;26;;;5054.5;713.7890625
1;45900;AMETHYSTS;9998;8;9996;1;9995;25;10004;1;10005;25;;;10001.0;667.0
1;46000;STARFRUIT;5054;23;;;;;5061;23;;;;;5057.5;714.0859375
1;46000;AMETHYSTS;9995;23;;;;;9998;1;10005;23;;;9996.5;667.0
1;46100;AMETHYSTS;9995;25;;;;;10005;25;;;;;10000.0;669.0
1;46100;STARFRUIT;5055;4;5054;25;;;5061;25;;;;;5058.0;708.484375
1;46200;STARFRUIT;5054;4;5053;24;;;5060;24;;;;;5057.0;703.765625
1;46200;AMETHYSTS;9995;24;;;;;10005;24;;;;;10000.0;669.0
1;46300;STARFRUIT;5054;28;;;;;5060;2;5061;26;;;5057.0;708.015625
1;46300;AMETHYSTS;9996;2;9995;26;;;10004;2;10005;26;;;10000.0;669.0
1;46400;STARFRUIT;5059;1;5054;24;;;5061;24;;;;;5060.0;707.21875
1;46400;AMETHYSTS;9995;24;;;;;10005;24;;;;;10000.0;669.0
1;46500;AMETHYSTS;9996;1;9995;29;;;9998;1;10004;1;10005;29;9997.0;669.0
1;46500;STARFRUIT;5058;2;5054;30;;;5061;30;;;;;5059.5;712.5390625
1;46600;STARFRUIT;5060;1;5055;4;5054;28;5061;28;;;;;5060.5;716.46875
1;46600;AMETHYSTS;9998;1;9995;28;;;10005;28;;;;;10001.5;671.0
1;46700;STARFRUIT;5055;30;;;;;5061;1;5062;29;;;5058.0;728.390625
1;46700;AMETHYSTS;9996;1;9995;29;;;10004;1;10005;29;;;10000.0;671.0
1;46800;STARFRUIT;5055;25;;;;;5062;25;;;;;5058.5;727.6171875
1;46800;AMETHYSTS;9995;25;;;;;10005;25;;;;;10000.0;671.0
1;46900;AMETHYSTS;9996;1;9995;29;;;10002;3;10004;1;10005;29;9999.0;671.0
1;46900;STARFRUIT;5054;30;;;;;5055;10;5061;30;;;5054.5;713.8671875
1;47000;STARFRUIT;5054;23;;;;;5061;23;;;;;5057.5;721.09375
1;47000;AMETHYSTS;9996;1;9995;22;;;10004;1;10005;22;;;10000.0;671.0
1;47100;STARFRUIT;5053;22;;;;;5060;22;;;;;5056.5;713.9453125
1;47100;AMETHYSTS;9995;22;;;;;9998;1;10005;22;;;9996.5;671.0
1;47200;STARFRUIT;5059;1;5053;23;;;5060;23;;;;;5059.5;707.5703125
1;47200;AMETHYSTS;9996;2;9995;21;;;10004;2;10005;21;;;10000.0;673.0
1;47300;AMETHYSTS;9995;21;;;;;10005;21;;;;;10000.0;673.0
1;47300;STARFRUIT;5055;5;5054;21;;;5061;21;;;;;5058.0;723.6484375
1;47400;STARFRUIT;5059;5;5054;22;;;5061;22;;;;;5060.0;720.234375
1;47400;AMETHYSTS;9998;7;9995;22;;;10005;22;;;;;10001.5;673.0
1;47500;STARFRUIT;5054;22;;;;;5059;5;5061;22;;;5056.5;723.828125
1;47500;AMETHYSTS;9996;1;9995;21;;;9998;1;10004;1;10005;21;9997.0;673.0
1;47600;STARFRUIT;5054;21;;;;;5062;21;;;;;5058.0;736.3515625
1;47600;AMETHYSTS;9998;5;9995;21;;;10005;21;;;;;10001.5;675.0
1;47700;AMETHYSTS;9998;1;9995;23;;;10005;23;;;;;10001.5;675.0
1;47700;STARFRUIT;5055;23;;;;;5060;4;5062;23;;;5057.5;751.171875
1;47800;STARFRUIT;5056;20;;;;;5061;7;5063;20;;;5058.5;759.234375
1;47800;AMETHYSTS;9995;20;;;;;10005;20;;;;;10000.0;675.0
1;47900;STARFRUIT;5056;23;;;;;5063;23;;;;;5059.5;762.5390625
1;47900;AMETHYSTS;9995;23;;;;;10005;23;;;;;10000.0;675.0
1;48000;STARFRUIT;5056;27;;;;;5062;1;5063;26;;;5059.0;760.4140625
1;48000;AMETHYSTS;10002;2;9996;1;9995;26;10004;1;10005;26;;;10003.0;675.0
1;48100;AMETHYSTS;9996;1;9995;29;;;10004;1;10005;29;;;10000.0;679.0
1;48100;STARFRUIT;5056;30;;;;;5061;1;5063;30;;;5058.5;766.078125
1;48200;STARFRUIT;5057;1;5056;27;;;5063;27;;;;;5060.0;762.90625
1;48200;AMETHYSTS;9996;1;9995;26;;;10004;1;10005;26;;;10000.0;679.0
1;48300;STARFRUIT;5055;21;;;;;5056;4;5061;1;5062;20;5055.5;738.9375
1;48300;AMETHYSTS;9998;4;9996;1;9995;20;10004;1;10005;20;;;10001.0;679.0
1;48400;STARFRUIT;5054;32;;;;;5059;6;5061;32;;;5056.5;728.8515625
1;48400;AMETHYSTS;9996;2;9995;30;;;10004;2;10005;30;;;10000.0;679.0
1;48500;AMETHYSTS;9995;29;;;;;10005;29;;;;;10000.0;679.0
1;48500;STARFRUIT;5054;29;;;;;5061;29;;;;;5057.5;723.7421875
1;48600;STARFRUIT;5053;27;;;;;5060;27;;;;;5056.5;713.1171875
1;48600;AMETHYSTS;9996;1;9995;26;;;10004;1;10005;26;;;10000.0;679.0
1;48700;STARFRUIT;5054;23;;;;;5057;2;5061;23;;;5055.5;727.984375
1;48700;AMETHYSTS;9996;1;9995;22;;;10000;2;10004;1;10005;22;9998.0;679.0
1;48800;STARFRUIT;5054;29;;;;;5061;29;;;;;5057.5;723.53125
1;48800;AMETHYSTS;9996;1;9995;28;;;10004;1;10005;28;;;10000.0;679.0
1;48900;AMETHYSTS;9995;22;;;;;10005;22;;;;;10000.0;679.0
1;48900;STARFRUIT;5053;22;;;;;5054;1;5060;22;;;5053.5;709.671875
1;49000;STARFRUIT;5053;1;5052;28;;;5059;29;;;;;5056.0;695.203125
1;49000;AMETHYSTS;9996;1;9995;28;;;10004;1;10005;28;;;10000.0;679.0
1;49100;STARFRUIT;5053;30;;;;;5060;30;;;;;5056.5;702.9375
1;49100;AMETHYSTS;9995;30;;;;;10005;30;;;;;10000.0;682.0
1;49200;STARFRUIT;5053;26;;;;;5060;26;;;;;5056.5;707.9609375
1;49200;AMETHYSTS;10002;3;9996;1;9995;25;10004;1;10005;25;;;10003.0;682.0
1;49300;AMETHYSTS;9998;3;9995;29;;;10005;29;;;;;10001.5;688.0
1;49300;STARFRUIT;5055;6;5054;29;;;5061;29;;;;;5058.0;722.09375
1;49400;STARFRUIT;5054;1;5053;22;;;5060;23;;;;;5057.0;717.1484375
1;49400;AMETHYSTS;9996;1;9995;22;;;10004;1;10005;22;;;10000.0;688.0
1;49500;STARFRUIT;5054;25;;;;;5060;1;5061;24;;;5057.0;718.8671875
1;49500;AMETHYSTS;9996;1;9995;24;;;10004;1;10005;24;;;10000.0;688.0
1;49600;STARFRUIT;5054;2;5053;28;;;5057;3;5060;2;5061;28;5055.5;718.640625
1;49600;AMETHYSTS;9996;2;9995;28;;;10000;3;10002;9;10004;2;9998.0;688.0
1;49700;AMETHYSTS;9995;21;;;;;10005;21;;;;;10000.0;688.0
1;49700;STARFRUIT;5058;1;5054;6;5053;21;5060;21;;;;;5059.0;706.8984375
1;49800;STARFRUIT;5053;20;;;;;5054;1;5060;20;;;5053.5;716.9453125
1;49800;AMETHYSTS;9995;20;;;;;10002;7;10005;20;;;9998.5;688.0
1;49900;STARFRUIT;5054;6;5053;23;;;5060;1;5061;23;;;5057.0;718.03125
1;49900;AMETHYSTS;9996;1;9995;23;;;10004;1;10005;23;;;10000.0;688.0
1;50000;AMETHYSTS;9996;2;9995;24;;;10002;5;10004;2;10005;24;9999.0;688.0
1;50000;STARFRUIT;5054;2;5053;24;;;5060;26;;;;;5057.0;713.921875
1;50100;STARFRUIT;5054;2;5053;22;;;5060;24;;;;;5057.0;715.2265625
1;50100;AMETHYSTS;10002;4;9996;2;9995;22;10004;2;10005;22;;;10003.0;688.0
1;50200;STARFRUIT;5053;29;;;;;5060;29;;;;;5056.5;712.90625
1;50200;AMETHYSTS;9996;1;9995;28;;;10004;1;10005;28;;;10000.0;692.0
1;50300;STARFRUIT;5053;23;;;;;5058;4;5060;23;;;5055.5;713.5625
1;50300;AMETHYSTS;9995;23;;;;;10005;23;;;;;10000.0;692.0
1;50400;AMETHYSTS;9996;2;9995;21;;;10004;2;10005;21;;;10000.0;692.0
1;50400;STARFRUIT;5054;2;5053;23;;;5055;3;5060;23;;;5054.5;709.0078125
1;50500;STARFRUIT;5055;4;5053;1;5052;27;5059;1;5060;27;;;5057.0;697.9296875
1;50500;AMETHYSTS;10000;4;9998;7;9996;1;10004;1;10005;27;;;10002.0;692.0
1;50600;STARFRUIT;5053;2;5052;22;;;5055;4;5059;24;;;5054.0;694.0
1;50600;AMETHYSTS;9998;7;9996;2;9995;22;10000;5;10004;2;10005;22;9999.0;692.0
1;50700;STARFRUIT;5052;20;;;;;5059;20;;;;;5055.5;690.421875
1;50700;AMETHYSTS;9998;9;9995;20;;;10005;20;;;;;10001.5;692.0
1;50800;AMETHYSTS;9998;7;9996;2;9995;26;10004;2;10005;26;;;10001.0;692.0
1;50800;STARFRUIT;5053;2;5052;26;;;5059;2;5060;26;;;5056.0;697.46875
1;50900;STARFRUIT;5053;29;;;;;5056;5;5060;30;;;5054.5;700.484375
1;50900;AMETHYSTS;9998;2;9995;30;;;10000;5;10005;30;;;9999.0;692.0
1;51000;STARFRUIT;5053;25;;;;;5060;25;;;;;5056.5;703.15625
1;51000;AMETHYSTS;9996;2;9995;23;;;10004;2;10005;23;;;10000.0;692.0
1;51100;STARFRUIT;5054;3;5053;29;;;5060;29;;;;;5057.0;709.140625
1;51100;AMETHYSTS;9995;29;;;;;10002;1;10005;29;;;9998.5;692.0
1;51200;AMETHYSTS;9995;30;;;;;10005;30;;;;;10000.0;692.0
1;51200;STARFRUIT;5053;30;;;;;5060;30;;;;;5056.5;710.921875
1;51300;STARFRUIT;5054;2;5053;23;;;5060;25;;;;;5057.0;715.71875
1;51300;AMETHYSTS;9996;2;9995;23;;;9998;5;10002;5;10004;2;9997.0;692.0
1;51400;STARFRUIT;5054;23;;;;;5059;5;5060;1;5061;22;5056.5;720.171875
1;51400;AMETHYSTS;9996;1;9995;22;;;10004;1;10005;22;;;10000.0;702.0
1;51500;STARFRUIT;5054;21;;;;;5061;21;;;;;5057.5;729.46484375
1;51500;AMETHYSTS;9995;21;;;;;10005;21;;;;;10000.0;702.0
1;51600;AMETHYSTS;9996;2;9995;21;;;10002;5;10004;2;10005;21;9999.0;708.0
1;51600;STARFRUIT;5058;4;5054;23;;;5059;1;5060;2;5061;21;5058.5;741.48046875
1;51700;STARFRUIT;5054;32;;;;;5061;32;;;;;5057.5;745.15234375
1;51700;AMETHYSTS;9996;2;9995;30;;;10004;2;10005;30;;;10000.0;708.0
1;51800;STARFRUIT;5053;25;;;;;5060;25;;;;;5056.5;743.369140625
1;51800;AMETHYSTS;9995;25;;;;;10005;25;;;;;10000.0;708.0
1;51900;AMETHYSTS;9996;2;9995;26;;;10004;2;10005;26;;;10000.0;708.0
1;51900;STARFRUIT;5054;2;5053;26;;;5060;2;5061;26;;;5057.0;744.1171875
1;52000;AMETHYSTS;9998;2;9995;21;;;10000;5;10005;21;;;9999.0;708.0
1;52000;STARFRUIT;5055;5;5054;21;;;5057;5;5061;21;;;5056.0;744.408203125
1;52100;STARFRUIT;5053;28;;;;;5060;28;;;;;5056.5;741.26953125
1;52100;AMETHYSTS;9996;1;9995;27;;;10004;1;10005;27;;;10000.0;708.0
1;52200;AMETHYSTS;9995;23;;;;;10005;23;;;;;10000.0;708.0
1;52200;STARFRUIT;5053;23;;;;;5054;1;5060;23;;;5053.5;742.1875
1;52300;AMETHYSTS;9995;30;;;;;10005;30;;;;;10000.0;708.0
1;52300;STARFRUIT;5052;30;;;;;5059;30;;;;;5055.5;740.42578125
1;52400;AMETHYSTS;10002;3;9996;1;9995;20;10004;1;10005;20;;;10003.0;708.0
1;52400;STARFRUIT;5053;2;5052;20;;;5056;4;5059;1;5060;20;5054.5;742.009765625
1;52500;STARFRUIT;5052;27;;;;;5059;27;;;;;5055.5;739.15625
1;52500;AMETHYSTS;9996;2;9995;25;;;10004;2;10005;25;;;10000.0;714.0
1;52600;AMETHYSTS;9996;1;9995;30;;;10004;1;10005;30;;;10000.0;714.0
1;52600;STARFRUIT;5052;3;5051;30;;;5053;2;5058;31;;;5052.5;736.326171875
1;52700;AMETHYSTS;9996;1;9995;24;;;10002;9;10004;1;10005;24;9999.0;714.0
1;52700;STARFRUIT;5057;1;5051;25;;;5058;25;;;;;5057.5;737.9765625
1;52800;AMETHYSTS;9996;2;9995;26;;;10004;2;10005;26;;;10000.0;714.0
1;52800;STARFRUIT;5057;1;5051;28;;;5058;28;;;;;5057.5;740.2265625
1;52900;STARFRUIT;5051;1;5050;26;;;5057;1;5058;26;;;5054.0;739.91015625
1;52900;AMETHYSTS;9996;1;9995;26;;;10002;3;10004;1;10005;26;9999.0;714.0
1;53000;AMETHYSTS;9996;1;9995;29;;;10004;1;10005;29;;;10000.0;714.0
1;53000;STARFRUIT;5051;30;;;;;5058;30;;;;;5054.5;741.87109375
1;53100;AMETHYSTS;9996;2;9995;21;;;9998;5;10004;2;10005;21;9997.0;714.0
1;53100;STARFRUIT;5051;23;;;;;5058;23;;;;;5054.5;741.86328125
1;53200;AMETHYSTS;9995;23;;;;;10005;23;;;;;10000.0;724.0
1;53200;STARFRUIT;5056;1;5051;23;;;5058;23;;;;;5057.0;740.52734375
1;53300;STARFRUIT;5051;20;;;;;5058;20;;;;;5054.5;742.48046875
1;53300;AMETHYSTS;9995;20;;;;;10005;20;;;;;10000.0;724.0
1;53400;AMETHYSTS;9996;2;9995;30;;;9998;1;10004;2;10005;30;9997.0;724.0
1;53400;STARFRUIT;5051;9;5050;30;;;5057;32;;;;;5054.0;754.828125
1;53500;AMETHYSTS;9995;25;;;;;10002;7;10005;25;;;9998.5;726.0
1;53500;STARFRUIT;5051;25;;;;;5056;2;5058;25;;;5053.5;762.2109375
1;53600;AMETHYSTS;9998;2;9996;1;9995;22;10004;1;10005;22;;;10001.0;726.0
1;53600;STARFRUIT;5051;1;5050;22;;;5057;1;5058;22;;;5054.0;756.3203125
1;53700;STARFRUIT;5051;1;5050;23;;;5057;23;;;;;5054.0;745.6796875
1;53700;AMETHYSTS;9995;23;;;;;10005;23;;;;;10000.0;726.0
1;53800;AMETHYSTS;9998;8;9995;29;;;10005;29;;;;;10001.5;726.0
1;53800;STARFRUIT;5049;29;;;;;5056;29;;;;;5052.5;740.4453125
1;53900;AMETHYSTS;9996;1;9995;25;;;10000;4;10002;8;10004;1;9998.0;726.0
1;53900;STARFRUIT;5049;26;;;;;5052;4;5056;26;;;5050.5;733.8671875
1;54000;AMETHYSTS;9996;1;9995;21;;;10002;1;10004;1;10005;21;9999.0;726.0
1;54000;STARFRUIT;5050;8;5049;21;;;5056;22;;;;;5053.0;740.609375
1;54100;STARFRUIT;5050;4;5049;22;;;5056;22;;;;;5053.0;736.546875
1;54100;AMETHYSTS;9996;1;9995;21;;;10004;1;10005;21;;;10000.0;726.0
1;54200;STARFRUIT;5049;21;;;;;5050;1;5056;21;;;5049.5;740.109375
1;54200;AMETHYSTS;9996;1;9995;20;;;10004;1;10005;20;;;10000.0;732.0
1;54300;AMETHYSTS;10002;1;9996;2;9995;26;10004;2;10005;26;;;10003.0;732.0
1;54300;STARFRUIT;5050;2;5049;26;;;5056;2;5057;26;;;5053.0;745.96875
1;54400;STARFRUIT;5050;22;;;;;5057;22;;;;;5053.5;749.2109375
1;54400;AMETHYSTS;9995;22;;;;;10005;22;;;;;10000.0;740.0
1;54500;STARFRUIT;5049;29;;;;;5056;29;;;;;5052.5;736.1953125
1;54500;AMETHYSTS;9996;2;9995;27;;;10002;2;10004;2;10005;27;9999.0;740.0
1;54600;STARFRUIT;5049;1;5048;29;;;5055;30;;;;;5052.0;731.0625
1;54600;AMETHYSTS;10002;2;9996;1;9995;29;10004;1;10005;29;;;10003.0;740.0
1;54700;AMETHYSTS;9996;1;9995;22;;;10004;1;10005;22;;;10000.0;744.0
1;54700;STARFRUIT;5049;23;;;;;5056;23;;;;;5052.5;737.171875
1;54800;STARFRUIT;5049;9;5048;23;;;5055;2;5056;23;;;5052.0;737.8359375
1;54800;AMETHYSTS;9996;2;9995;23;;;10004;2;10005;23;;;10000.0;750.0
1;54900;STARFRUIT;5049;2;5048;22;;;5053;1;5055;24;;;5051.0;736.828125
1;54900;AMETHYSTS;9996;2;9995;22;;;10004;2;10005;22;;;10000.0;750.0
1;55000;STARFRUIT;5048;22;;;;;5053;7;5055;22;;;5050.5;728.984375
1;55000;AMETHYSTS;9996;2;9995;20;;;10004;2;10005;20;;;10000.0;750.0
1;55100;AMETHYSTS;9996;2;9995;24;;;10004;2;10005;24;;;10000.0;750.0
1;55100;STARFRUIT;5048;2;5047;24;;;5054;26;;;;;5051.0;725.078125
1;55200;STARFRUIT;5046;25;;;;;5053;26;;;;;5049.5;713.328125
1;55200;AMETHYSTS;9998;8;9996;1;9995;25;10004;1;10005;25;;;10001.0;750.0
1;55300;STARFRUIT;5046;22;;;;;5051;3;5053;22;;;5048.5;704.4921875
1;55300;AMETHYSTS;9995;22;;;;;10002;5;10005;22;;;9998.5;750.0
1;55400;STARFRUIT;5047;5;5046;28;;;5053;28;;;;;5050.0;709.0625
1;55400;AMETHYSTS;9998;7;9996;1;9995;27;10004;1;10005;27;;;10001.0;750.0
1;55500;AMETHYSTS;9996;2;9995;22;;;10004;2;10005;22;;;10000.0;750.0
1;55500;STARFRUIT;5046;24;;;;;5051;2;5053;24;;;5048.5;705.55078125
1;55600;STARFRUIT;5046;23;;;;;5053;23;;;;;5049.5;709.84375
1;55600;AMETHYSTS;9995;23;;;;;10002;9;10005;23;;;9998.5;750.0
1;55700;STARFRUIT;5046;22;;;;;5053;22;;;;;5049.5;711.2109375
1;55700;AMETHYSTS;9996;1;9995;21;;;10002;7;10004;1;10005;21;9999.0;750.0
1;55800;STARFRUIT;5047;8;5046;26;;;5053;26;;;;;5050.0;708.765625
1;55800;AMETHYSTS;9996;1;9995;25;;;10004;1;10005;25;;;10000.0;750.0
1;55900;AMETHYSTS;9995;20;;;;;10005;20;;;;;10000.0;750.0
1;55900;STARFRUIT;5049;4;5046;20;;;5053;20;;;;;5051.0;705.62109375
1;56000;STARFRUIT;5048;2;5045;25;;;5050;7;5052;25;;;5049.0;697.8046875
1;56000;AMETHYSTS;10000;2;9996;1;9995;24;10002;6;10004;1;10005;24;10001.0;750.0
1;56100;STARFRUIT;5046;1;5045;27;;;5052;28;;;;;5049.0;700.703125
1;56100;AMETHYSTS;9996;1;9995;27;;;9998;1;10002;3;10004;1;9997.0;750.0
1;56200;STARFRUIT;5045;1;5044;30;;;5047;4;5051;31;;;5046.0;689.4609375
1;56200;AMETHYSTS;9996;1;9995;30;;;10000;4;10004;1;10005;30;9998.0;752.0
1;56300;AMETHYSTS;9995;28;;;;;10005;28;;;;;10000.0;752.0
1;56300;STARFRUIT;5044;28;;;;;5051;28;;;;;5047.5;683.21875
1;56400;STARFRUIT;5044;29;;;;;5051;29;;;;;5047.5;685.93359375
1;56400;AMETHYSTS;9996;2;9995;27;;;10004;2;10005;27;;;10000.0;752.0
1;56500;STARFRUIT;5044;21;;;;;5052;21;;;;;5048.0;690.31640625
1;56500;AMETHYSTS;9995;21;;;;;10002;9;10005;21;;;9998.5;752.0
1;56600;STARFRUIT;5045;2;5044;28;;;5049;3;5051;30;;;5047.0;688.79296875
1;56600;AMETHYSTS;9996;2;9995;28;;;10002;2;10004;2;10005;28;9999.0;752.0
1;56700;AMETHYSTS;9998;5;9995;27;;;10005;27;;;;;10001.5;752.0
1;56700;STARFRUIT;5045;2;5044;27;;;5046;4;5052;27;;;5045.5;690.10546875
1;56800;STARFRUIT;5045;8;5044;23;;;5051;23;;;;;5048.0;694.1015625
1;56800;AMETHYSTS;9995;23;;;;;10005;23;;;;;10000.0;752.0
1;56900;STARFRUIT;5045;21;;;;;5052;21;;;;;5048.5;703.3203125
1;56900;AMETHYSTS;9996;1;9995;20;;;10004;1;10005;20;;;10000.0;752.0
1;57000;STARFRUIT;5046;22;;;;;5053;22;;;;;5049.5;718.7890625
1;57000;AMETHYSTS;9996;2;9995;20;;;10002;10;10004;2;10005;20;9999.0;752.0
1;57100;AMETHYSTS;9998;6;9995;24;;;10005;24;;;;;10001.5;752.0
1;57100;STARFRUIT;5051;1;5045;24;;;5052;24;;;;;5051.5;712.5546875
1;57200;STARFRUIT;5046;26;;;;;5053;26;;;;;5049.5;719.9375
1;57200;AMETHYSTS;9998;5;9996;1;9995;25;10004;1;10005;25;;;10001.0;752.0
1;57300;STARFRUIT;5046;31;;;;;5051;1;5052;1;5053;30;5048.5;717.15625
1;57300;AMETHYSTS;9996;1;9995;30;;;10004;1;10005;30;;;10000.0;752.0
1;57400;STARFRUIT;5046;1;5045;27;;;5052;28;;;;;5049.0;713.109375
1;57400;AMETHYSTS;9996;1;9995;27;;;10004;1;10005;27;;;10000.0;752.0
1;57500;AMETHYSTS;9995;21;;;;;10005;21;;;;;10000.0;752.0
1;57500;STARFRUIT;5046;2;5045;21;;;5052;21;;;;;5049.0;711.328125
1;57600;STARFRUIT;5049;5;5046;22;;;5052;2;5053;20;;;5050.5;718.9375
1;57600;AMETHYSTS;10000;4;9996;2;9995;20;10004;2;10005;20;;;10002.0;752.0
1;57700;STARFRUIT;5045;22;;;;;5052;22;;;;;5048.5;710.296875
1;57700;AMETHYSTS;9998;2;9996;1;9995;21;10004;1;10005;21;;;10001.0;752.0
1;57800;STARFRUIT;5045;7;5044;28;;;5051;28;;;;;5048.0;697.0625
1;57800;AMETHYSTS;9996;2;9995;26;;;10002;4;10004;2;10005;26;9999.0;752.0
1;57900;AMETHYSTS;9996;2;9995;26;;;10004;2;10005;26;;;10000.0;752.0
1;57900;STARFRUIT;5045;28;;;;;5046;5;5052;28;;;5045.5;704.953125
1;58000;STARFRUIT;5045;28;;;;;5052;28;;;;;5048.5;712.671875
1;58000;AMETHYSTS;9995;28;;;;;10005;28;;;;;10000.0;752.0
1;58100;STARFRUIT;5045;20;;;;;5052;20;;;;;5048.5;721.65625
1;58100;AMETHYSTS;9998;7;9995;20;;;10005;20;;;;;10001.5;752.0
1;58200;STARFRUIT;5045;29;;;;;5052;29;;;;;5048.5;719.375
1;58200;AMETHYSTS;9996;2;9995;27;;;10004;2;10005;27;;;10000.0;755.0
1;58300;AMETHYSTS;9996;2;9995;28;;;10004;2;10005;28;;;10000.0;755.0
1;58300;STARFRUIT;5045;30;;;;;5052;30;;;;;5048.5;719.3515625
1;58400;STARFRUIT;5045;25;;;;;5052;25;;;;;5048.5;713.609375
1;58400;AMETHYSTS;9995;25;;;;;10005;25;;;;;10000.0;755.0
1;58500;STARFRUIT;5045;22;;;;;5050;2;5051;2;5052;20;5047.5;714.5546875
1;58500;AMETHYSTS;9998;3;9996;2;9995;20;10004;2;10005;20;;;10001.0;755.0
1;58600;STARFRUIT;5045;23;;;;;5052;23;;;;;5048.5;718.359375
1;58600;AMETHYSTS;9996;1;9995;22;;;10004;1;10005;22;;;10000.0;755.0
1;58700;STARFRUIT;5045;30;;;;;5048;4;5052;30;;;5046.5;725.3359375
1;58700;AMETHYSTS;9996;1;9995;29;;;9998;1;10000;4;10004;1;9997.0;758.0
1;58800;STARFRUIT;5046;31;;;;;5051;5;5052;1;5053;30;5048.5;732.359375
1;58800;AMETHYSTS;9996;1;9995;30;;;10004;1;10005;30;;;10000.0;760.0
1;58900;STARFRUIT;5051;1;5045;25;;;5052;25;;;;;5051.5;722.7890625
1;58900;AMETHYSTS;9996;2;9995;23;;;10004;2;10005;23;;;10000.0;766.0
1;59000;AMETHYSTS;9996;1;9995;23;;;10004;1;10005;23;;;10000.0;766.0
1;59000;STARFRUIT;5045;24;;;;;5052;24;;;;;5048.5;727.5234375
1;59100;STARFRUIT;5045;21;;;;;5051;1;5052;20;;;5048.0;721.953125
1;59100;AMETHYSTS;9998;7;9996;1;9995;20;10004;1;10005;20;;;10001.0;766.0
1;59200;STARFRUIT;5049;10;5045;10;5044;23;5051;25;;;;;5050.0;718.8125
1;59200;AMETHYSTS;10002;1;9996;2;9995;23;10004;2;10005;23;;;10003.0;766.0
1;59300;STARFRUIT;5044;22;;;;;5051;22;;;;;5047.5;716.9375
1;59300;AMETHYSTS;9998;5;9995;22;;;10005;22;;;;;10001.5;768.0
1;59400;AMETHYSTS;10002;1;9995;23;;;10005;23;;;;;10003.5;768.0
1;59400;STARFRUIT;5045;23;;;;;5052;23;;;;;5048.5;722.1875
1;59500;STARFRUIT;5044;24;;;;;5051;24;;;;;5047.5;715.1875
1;59500;AMETHYSTS;9996;2;9995;22;;;10004;2;10005;22;;;10000.0;806.0
1;59600;STARFRUIT;5045;1;5044;24;;;5051;25;;;;;5048.0;718.203125
1;59600;AMETHYSTS;10002;1;9996;1;9995;24;10004;1;10005;24;;;10003.0;806.0
1;59700;STARFRUIT;5050;1;5045;26;;;5052;26;;;;;5051.0;724.609375
1;59700;AMETHYSTS;9996;1;9995;25;;;10004;1;10005;25;;;10000.0;808.0
1;59800;AMETHYSTS;9998;9;9996;2;9995;22;10004;2;10005;22;;;10001.0;808.0
1;59800;STARFRUIT;5044;24;;;;;5051;24;;;;;5047.5;715.609375
1;59900;STARFRUIT;5043;25;;;;;5048;4;5050;25;;;5045.5;695.765625
1;59900;AMETHYSTS;9996;2;9995;23;;;10004;2;10005;23;;;10000.0;808.0
1;60000;STARFRUIT;5044;6;5043;25;;;5050;26;;;;;5047.0;704.75
1;60000;AMETHYSTS;9996;1;9995;25;;;9998;3;10002;10;10004;1;9997.0;814.0
1;60100;STARFRUIT;5044;1;5043;27;;;5050;28;;;;;5047.0;707.75
1;60100;AMETHYSTS;9996;1;9995;27;;;10004;1;10005;27;;;10000.0;820.0
1;60200;AMETHYSTS;9996;1;9995;25;;;10004;1;10005;25;;;10000.0;820.0
1;60200;STARFRUIT;5044;1;5043;25;;;5050;1;5051;25;;;5047.0;709.5078125
1;60300;STARFRUIT;5044;1;5043;23;;;5050;24;;;;;5047.0;705.984375
1;60300;AMETHYSTS;9998;3;9996;1;9995;23;10004;1;10005;23;;;10001.0;820.0
1;60400;STARFRUIT;5043;24;;;;;5050;24;;;;;5046.5;700.421875
1;60400;AMETHYSTS;9996;2;9995;22;;;9998;1;10004;2;10005;22;9997.0;820.0
1;60500;STARFRUIT;5043;25;;;;;5046;2;5050;25;;;5044.5;694.6484375
1;60500;AMETHYSTS;9995;25;;;;;10000;2;10005;25;;;9997.5;843.0
1;60600;AMETHYSTS;9996;1;9995;21;;;10004;1;10005;21;;;10000.0;843.0
1;60600;STARFRUIT;5043;21;;;;;5049;1;5050;21;;;5046.0;691.7265625
1;60700;STARFRUIT;5047;9;5042;24;;;5049;24;;;;;5048.0;686.1796875
1;60700;AMETHYSTS;9998;10;9995;24;;;10005;24;;;;;10001.5;867.0
1;60800;AMETHYSTS;9996;2;9995;26;;;10004;2;10005;26;;;10000.0;867.0
1;60800;STARFRUIT;5048;1;5042;28;;;5049;28;;;;;5048.5;682.1953125
1;60900;AMETHYSTS;9998;10;9995;29;;;10005;29;;;;;10001.5;867.0
1;60900;STARFRUIT;5048;1;5042;29;;;5049;29;;;;;5048.5;683.21875
1;61000;AMETHYSTS;9996;1;9995;25;;;9998;1;10004;1;10005;25;9997.0;867.0
1;61000;STARFRUIT;5042;26;;;;;5049;26;;;;;5045.5;687.5859375
1;61100;STARFRUIT;5042;31;;;;;5049;31;;;;;5045.5;686.859375
1;61100;AMETHYSTS;9996;2;9995;29;;;10004;2;10005;29;;;10000.0;869.0
1;61200;AMETHYSTS;9998;1;9995;22;;;10005;22;;;;;10001.5;869.0
1;61200;STARFRUIT;5043;2;5042;22;;;5049;22;;;;;5046.0;682.0859375
1;61300;AMETHYSTS;9995;27;;;;;10005;27;;;;;10000.0;869.0
1;61300;STARFRUIT;5042;27;;;;;5049;27;;;;;5045.5;691.984375
1;61400;AMETHYSTS;9995;28;;;;;10005;28;;;;;10000.0;869.0
1;61400;STARFRUIT;5042;28;;;;;5049;28;;;;;5045.5;691.5703125
1;61500;STARFRUIT;5048;1;5043;22;;;5050;22;;;;;5049.0;700.2578125
1;61500;AMETHYSTS;9998;4;9995;22;;;10005;22;;;;;10001.5;869.0
1;61600;AMETHYSTS;9996;1;9995;27;;;10004;1;10005;27;;;10000.0;869.0
1;61600;STARFRUIT;5044;1;5043;27;;;5050;1;5051;27;;;5047.0;711.0
1;61700;AMETHYSTS;9996;2;9995;21;;;10004;2;10005;21;;;10000.0;869.0
1;61700;STARFRUIT;5044;23;;;;;5051;23;;;;;5047.5;717.8203125
1;61800;AMETHYSTS;9996;2;9995;24;;;10004;2;10005;24;;;10000.0;869.0
1;61800;STARFRUIT;5044;25;;;;;5050;2;5051;24;;;5047.0;713.765625
1;61900;STARFRUIT;5043;28;;;;;5050;28;;;;;5046.5;706.078125
1;61900;AMETHYSTS;9995;28;;;;;10002;8;10005;28;;;9998.5;869.0
1;62000;AMETHYSTS;9995;24;;;;;10005;24;;;;;10000.0;869.0
1;62000;STARFRUIT;5043;24;;;;;5050;24;;;;;5046.5;712.921875
1;62100;AMETHYSTS;9996;2;9995;25;;;10002;3;10004;2;10005;25;9999.0;869.0
1;62100;STARFRUIT;5043;27;;;;;5050;27;;;;;5046.5;710.9453125
1;62200;AMETHYSTS;9998;9;9996;2;9995;22;10004;2;10005;22;;;10001.0;869.0
1;62200;STARFRUIT;5044;2;5043;22;;;5048;1;5050;24;;;5046.0;715.8984375
1;62300;STARFRUIT;5043;21;;;;;5050;21;;;;;5046.5;712.59375
1;62300;AMETHYSTS;9995;21;;;;;10005;21;;;;;10000.0;869.0
1;62400;AMETHYSTS;9995;24;;;;;10005;24;;;;;10000.0;869.0
1;62400;STARFRUIT;5043;24;;;;;5050;24;;;;;5046.5;712.6640625
1;62500;AMETHYSTS;9996;2;9995;25;;;10004;2;10005;25;;;10000.0;869.0
1;62500;STARFRUIT;5043;27;;;;;5049;2;5050;25;;;5046.0;703.71875
1;62600;AMETHYSTS;9998;6;9996;1;9995;21;10004;1;10005;21;;;10001.0;869.0
1;62600;STARFRUIT;5043;22;;;;;5050;22;;;;;5046.5;710.765625
1;62700;STARFRUIT;5043;25;;;;;5050;25;;;;;5046.5;706.25
1;62700;AMETHYSTS;9998;3;9995;25;;;10005;25;;;;;10001.5;869.0
1;62800;AMETHYSTS;9995;22;;;;;10005;22;;;;;10000.0;869.0
1;62800;STARFRUIT;5043;22;;;;;5050;22;;;;;5046.5;746.6875
1;62900;AMETHYSTS;10002;11;9998;3;9996;2;10004;2;10005;20;;;10003.0;869.0
1;62900;STARFRUIT;5044;2;5043;20;;;5050;2;5051;20;;;5047.0;749.875
1;63000;AMETHYSTS;9995;30;;;;;10005;30;;;;;10000.0;891.0
1;63000;STARFRUIT;5043;30;;;;;5050;30;;;;;5046.5;748.525390625
1;63100;STARFRUIT;5042;30;;;;;5049;30;;;;;5045.5;744.75
1;63100;AMETHYSTS;9995;30;;;;;9998;1;10005;30;;;9996.5;891.0
1;63200;STARFRUIT;5042;25;;;;;5049;25;;;;;5045.5;742.328125
1;63200;AMETHYSTS;9996;1;9995;24;;;10004;1;10005;24;;;10000.0;893.0
1;63300;AMETHYSTS;10002;4;9995;30;;;10005;30;;;;;10003.5;893.0
1;63300;STARFRUIT;5047;1;5042;30;;;5049;30;;;;;5048.0;741.2109375
1;63400;STARFRUIT;5043;2;5042;22;;;5049;24;;;;;5046.0;744.28125
1;63400;AMETHYSTS;9996;2;9995;22;;;10004;2;10005;22;;;10000.0;901.0
1;63500;STARFRUIT;5043;3;5042;28;;;5049;28;;;;;5046.0;742.41015625
1;63500;AMETHYSTS;9995;28;;;;;10005;28;;;;;10000.0;901.0
1;63600;STARFRUIT;5048;1;5042;22;;;5049;22;;;;;5048.5;742.880859375
1;63600;AMETHYSTS;9995;22;;;;;10005;22;;;;;10000.0;901.0
1;63700;AMETHYSTS;9995;21;;;;;10000;5;10002;7;10005;21;9997.5;901.0
1;63700;STARFRUIT;5042;21;;;;;5045;5;5047;7;5049;21;5043.5;746.33203125
1;63800;STARFRUIT;5043;1;5042;27;;;5049;28;;;;;5046.0;746.2578125
1;63800;AMETHYSTS;9996;1;9995;27;;;9998;1;10004;1;10005;27;9997.0;901.0
1;63900;STARFRUIT;5042;22;;;;;5045;2;5049;22;;;5043.5;746.15625
1;63900;AMETHYSTS;9995;22;;;;;10000;2;10005;22;;;9997.5;903.0
1;64000;STARFRUIT;5043;2;5042;30;;;5049;30;;;;;5046.0;744.97265625
1;64000;AMETHYSTS;9995;30;;;;;9998;11;10002;10;10005;30;9996.5;903.0
1;64100;AMETHYSTS;9996;2;9995;26;;;10002;4;10004;2;10005;26;9999.0;925.0
1;64100;STARFRUIT;5042;28;;;;;5047;4;5049;28;;;5044.5;745.01171875
1;64200;STARFRUIT;5042;27;;;;;5049;27;;;;;5045.5;744.23828125
1;64200;AMETHYSTS;9996;2;9995;25;;;10004;2;10005;25;;;10000.0;925.0
1;64300;STARFRUIT;5043;2;5042;22;;;5049;22;;;;;5046.0;745.91015625
1;64300;AMETHYSTS;9998;4;9996;2;9995;20;10004;2;10005;20;;;10001.0;925.0
1;64400;STARFRUIT;5043;4;5042;29;;;5049;29;;;;;5046.0;746.09375
1;64400;AMETHYSTS;9996;2;9995;27;;;10004;2;10005;27;;;10000.0;925.0
1;64500;AMETHYSTS;9996;2;9995;20;;;10004;2;10005;20;;;10000.0;925.0
1;64500;STARFRUIT;5043;9;5042;20;;;5049;22;;;;;5046.0;746.587890625
1;64600;STARFRUIT;5042;29;;;;;5049;29;;;;;5045.5;744.900390625
1;64600;AMETHYSTS;9996;2;9995;27;;;10004;2;10005;27;;;10000.0;925.0
1;64700;STARFRUIT;5042;29;;;;;5049;29;;;;;5045.5;744.685546875
1;64700;AMETHYSTS;10002;1;9996;1;9995;28;10004;1;10005;28;;;10003.0;928.0
1;64800;STARFRUIT;5042;20;;;;;5049;21;;;;;5045.5;743.970703125
1;64800;AMETHYSTS;9996;1;9995;20;;;10004;1;10005;20;;;10000.0;930.0
1;64900;AMETHYSTS;9996;2;9995;30;;;9998;4;10002;10;10004;2;9997.0;930.0
1;64900;STARFRUIT;5042;32;;;;;5049;32;;;;;5045.5;745.375
1;65000;STARFRUIT;5047;1;5042;27;;;5049;27;;;;;5048.0;744.39453125
1;65000;AMETHYSTS;9996;1;9995;26;;;10002;5;10004;1;10005;26;9999.0;938.0
1;65100;STARFRUIT;5042;26;;;;;5049;26;;;;;5045.5;744.052734375
1;65100;AMETHYSTS;9998;10;9996;1;9995;25;10004;1;10005;25;;;10001.0;938.0
1;65200;STARFRUIT;5043;2;5042;29;;;5048;1;5049;28;;;5045.5;743.87109375
1;65200;AMETHYSTS;9996;1;9995;28;;;10002;6;10004;1;10005;28;9999.0;938.0
1;65300;AMETHYSTS;9995;29;;;;;10002;9;10005;29;;;9998.5;938.0
1;65300;STARFRUIT;5042;29;;;;;5047;1;5049;29;;;5044.5;743.978515625
1;65400;STARFRUIT;5042;21;;;;;5044;2;5049;21;;;5043.0;745.755859375
1;65400;AMETHYSTS;9998;10;9995;21;;;10005;21;;;;;10001.5;938.0
1;65500;STARFRUIT;5042;20;;;;;5049;20;;;;;5045.5;745.232421875
1;65500;AMETHYSTS;9995;20;;;;;10005;20;;;;;10000.0;938.0
1;65600;STARFRUIT;5043;6;5042;20;;;5049;20;;;;;5046.0;745.81640625
1;65600;AMETHYSTS;9998;3;9995;20;;;10005;20;;;;;10001.5;938.0
1;65700;AMETHYSTS;9995;24;;;;;10005;24;;;;;10000.0;938.0
1;65700;STARFRUIT;5042;24;;;;;5043;1;5049;24;;;5042.5;745.76171875
1;65800;STARFRUIT;5043;1;5042;30;;;5049;30;;;;;5046.0;748.8984375
1;65800;AMETHYSTS;10002;4;9995;30;;;10005;30;;;;;10003.5;938.0
1;65900;STARFRUIT;5042;26;;;;;5049;26;;;;;5045.5;748.7421875
1;65900;AMETHYSTS;9996;2;9995;24;;;10004;2;10005;24;;;10000.0;946.0
1;66000;STARFRUIT;5044;6;5043;25;;;5050;25;;;;;5047.0;752.26953125
1;66000;AMETHYSTS;9996;1;9995;24;;;10004;1;10005;24;;;10000.0;946.0
1;66100;AMETHYSTS;9996;2;9995;23;;;10004;2;10005;23;;;10000.0;946.0
1;66100;STARFRUIT;5048;1;5042;25;;;5049;25;;;;;5048.5;748.095703125
1;66200;STARFRUIT;5047;5;5043;1;5042;22;5049;1;5050;22;;;5048.0;755.9716796875
1;66200;AMETHYSTS;10002;1;9996;1;9995;22;10004;1;10005;22;;;10003.0;952.0
1;66300;STARFRUIT;5046;3;5043;20;;;5050;20;;;;;5048.0;757.232421875
1;66300;AMETHYSTS;10000;3;9995;20;;;10002;5;10005;20;;;10001.0;954.0
1;66400;STARFRUIT;5044;2;5043;24;;;5050;26;;;;;5047.0;766.44140625
1;66400;AMETHYSTS;9996;2;9995;24;;;10004;2;10005;24;;;10000.0;954.0
1;66500;AMETHYSTS;9996;1;9995;30;;;10004;1;10005;30;;;10000.0;954.0
1;66500;STARFRUIT;5048;1;5043;31;;;5050;31;;;;;5049.0;767.189453125
1;66600;STARFRUIT;5043;31;;;;;5050;31;;;;;5046.5;795.359375
1;66600;AMETHYSTS;10002;3;9998;1;9996;2;10004;2;10005;29;;;10003.0;954.0
1;66700;STARFRUIT;5045;5;5044;26;;;5050;1;5051;25;;;5047.5;786.0078125
1;66700;AMETHYSTS;9996;1;9995;25;;;10004;1;10005;25;;;10000.0;960.0
1;66800;STARFRUIT;5044;26;;;;;5051;26;;;;;5047.5;780.7421875
1;66800;AMETHYSTS;9996;1;9995;25;;;10004;1;10005;25;;;10000.0;960.0
1;66900;AMETHYSTS;9995;20;;;;;10005;20;;;;;10000.0;960.0
1;66900;STARFRUIT;5045;3;5044;20;;;5051;20;;;;;5048.0;783.71875
1;67000;STARFRUIT;5044;24;;;;;5051;24;;;;;5047.5;783.25
1;67000;AMETHYSTS;9998;1;9996;2;9995;22;10004;2;10005;22;;;10001.0;960.0
1;67100;STARFRUIT;5044;26;;;;;5051;26;;;;;5047.5;783.4765625
1;67100;AMETHYSTS;9996;1;9995;25;;;10004;1;10005;25;;;10000.0;960.0
1;67200;STARFRUIT;5044;23;;;;;5049;6;5051;23;;;5046.5;786.109375
1;67200;AMETHYSTS;9995;23;;;;;10005;23;;;;;10000.0;960.0
1;67300;AMETHYSTS;9996;1;9995;21;;;10004;1;10005;21;;;10000.0;960.0
1;67300;STARFRUIT;5045;1;5044;22;;;5050;1;5051;21;;;5047.5;786.140625
1;67400;STARFRUIT;5044;9;5043;28;;;5050;29;;;;;5047.0;790.796875
1;67400;AMETHYSTS;9996;1;9995;28;;;10004;1;10005;28;;;10000.0;960.0
1;67500;STARFRUIT;5043;22;;;;;5050;22;;;;;5046.5;789.9140625
1;67500;AMETHYSTS;9995;22;;;;;10005;22;;;;;10000.0;975.0
1;67600;AMETHYSTS;9996;1;9995;25;;;10004;1;10005;25;;;10000.0;975.0
1;67600;STARFRUIT;5044;26;;;;;5051;26;;;;;5047.5;782.7421875
1;67700;STARFRUIT;5045;23;;;;;5048;3;5051;2;5052;21;5046.5;774.4453125
1;67700;AMETHYSTS;9996;2;9995;21;;;10000;3;10004;2;10005;21;9998.0;975.0
1;67800;STARFRUIT;5046;6;5045;32;;;5051;2;5052;30;;;5048.5;773.9609375
1;67800;AMETHYSTS;9996;2;9995;30;;;10004;2;10005;30;;;10000.0;975.0
1;67900;STARFRUIT;5044;26;;;;;5051;26;;;;;5047.5;778.296875
1;67900;AMETHYSTS;9995;26;;;;;10005;26;;;;;10000.0;981.0
1;68000;AMETHYSTS;9995;25;;;;;10002;5;10005;25;;;9998.5;981.0
1;68000;STARFRUIT;5049;1;5044;25;;;5051;25;;;;;5050.0;785.515625
1;68100;STARFRUIT;5044;7;5043;27;;;5050;27;;;;;5047.0;791.3203125
1;68100;AMETHYSTS;9996;1;9995;26;;;10002;8;10004;1;10005;26;9999.0;981.0
1;68200;STARFRUIT;5043;24;;;;;5050;24;;;;;5046.5;793.296875
1;68200;AMETHYSTS;9996;1;9995;23;;;9998;1;10004;1;10005;23;9997.0;981.0
1;68300;STARFRUIT;5043;26;;;;;5050;26;;;;;5046.5;790.9296875
1;68300;AMETHYSTS;9996;1;9995;25;;;10002;4;10004;1;10005;25;9999.0;983.0
1;68400;AMETHYSTS;10002;1;9996;1;9995;30;10004;1;10005;30;;;10003.0;983.0
1;68400;STARFRUIT;5044;1;5043;30;;;5050;1;5051;30;;;5047.0;788.1484375
1;68500;STARFRUIT;5043;23;;;;;5048;5;5050;23;;;5045.5;792.03125
1;68500;AMETHYSTS;9996;1;9995;22;;;10004;1;10005;22;;;10000.0;985.0
1;68600;STARFRUIT;5043;27;;;;;5050;27;;;;;5046.5;796.4609375
1;68600;AMETHYSTS;9995;27;;;;;9998;1;10005;27;;;9996.5;988.0
1;68700;STARFRUIT;5044;2;5043;20;;;5050;22;;;;;5047.0;790.0625
1;68700;AMETHYSTS;9998;10;9996;2;9995;20;10004;2;10005;20;;;10001.0;990.0
1;68800;AMETHYSTS;9996;1;9995;30;;;10000;6;10002;1;10004;1;9998.0;990.0
1;68800;STARFRUIT;5044;1;5043;30;;;5046;6;5050;31;;;5045.0;789.0078125
1;68900;STARFRUIT;5044;25;;;;;5051;25;;;;;5047.5;779.7890625
1;68900;AMETHYSTS;9998;3;9996;2;9995;23;10004;2;10005;23;;;10001.0;990.0
1;69000;STARFRUIT;5045;1;5044;27;;;5051;28;;;;;5048.0;777.34375
1;69000;AMETHYSTS;9996;1;9995;27;;;10004;1;10005;27;;;10000.0;990.0
1;69100;STARFRUIT;5045;1;5044;26;;;5051;26;;;;;5048.0;779.5859375
1;69100;AMETHYSTS;9996;1;9995;25;;;10004;1;10005;25;;;10000.0;990.0
1;69200;AMETHYSTS;9996;1;9995;20;;;10002;8;10004;1;10005;20;9999.0;990.0
1;69200;STARFRUIT;5045;1;5044;20;;;5051;21;;;;;5048.0;777.36328125
1;69300;STARFRUIT;5045;24;;;;;5052;24;;;;;5048.5;771.78515625
1;69300;AMETHYSTS;9996;1;9995;23;;;10004;1;10005;23;;;10000.0;990.0
1;69400;STARFRUIT;5046;4;5045;22;;;5052;22;;;;;5049.0;771.10546875
1;69400;AMETHYSTS;9995;22;;;;;10005;22;;;;;10000.0;990.0
1;69500;STARFRUIT;5046;2;5045;31;;;5052;31;;;;;5049.0;772.2734375
1;69500;AMETHYSTS;9996;1;9995;30;;;10002;8;10004;1;10005;30;9999.0;990.0
1;69600;AMETHYSTS;9996;2;9995;25;;;10004;2;10005;25;;;10000.0;990.0
1;69600;STARFRUIT;5045;2;5044;25;;;5051;27;;;;;5048.0;779.02734375
1;69700;STARFRUIT;5045;2;5044;24;;;5051;26;;;;;5048.0;778.3984375
1;69700;AMETHYSTS;10002;1;9996;2;9995;24;10004;2;10005;24;;;10003.0;990.0
1;69800;AMETHYSTS;9996;1;9995;22;;;10004;1;10005;22;;;10000.0;992.0
1;69800;STARFRUIT;5044;22;;;;;5051;23;;;;;5047.5;777.9921875
1;69900;AMETHYSTS;10002;1;9998;10;9996;2;10004;2;10005;24;;;10003.0;992.0
1;69900;STARFRUIT;5044;26;;;;;5051;26;;;;;5047.5;780.2578125
1;70000;AMETHYSTS;9996;2;9995;28;;;10004;2;10005;28;;;10000.0;994.0
1;70000;STARFRUIT;5044;2;5043;28;;;5050;2;5051;28;;;5047.0;788.9609375
1;70100;STARFRUIT;5043;26;;;;;5050;27;;;;;5046.5;795.9375
1;70100;AMETHYSTS;10002;1;9995;27;;;10005;27;;;;;10003.5;994.0
1;70200;AMETHYSTS;9996;2;9995;28;;;10004;2;10005;28;;;10000.0;996.0
1;70200;STARFRUIT;5043;30;;;;;5050;30;;;;;5046.5;794.8671875
1;70300;AMETHYSTS;9998;10;9996;1;9995;24;10004;1;10005;24;;;10001.0;996.0
1;70300;STARFRUIT;5043;5;5042;24;;;5049;25;;;;;5046.0;802.34765625
1;70400;AMETHYSTS;10002;13;9996;2;9995;29;10004;2;10005;29;;;10003.0;999.0
1;70400;STARFRUIT;5043;2;5042;29;;;5049;31;;;;;5046.0;801.8828125
1;70500;STARFRUIT;5042;21;;;;;5044;3;5049;21;;;5043.0;805.546875
1;70500;AMETHYSTS;10002;1;9995;21;;;10005;21;;;;;10003.5;1025.0
1;70600;AMETHYSTS;10002;1;10000;3;9996;1;10004;1;10005;22;;;10003.0;1027.0
1;70600;STARFRUIT;5045;2;5043;1;5042;22;5049;23;;;;;5047.0;803.4453125
1;70700;AMETHYSTS;9995;27;;;;;10005;27;;;;;10000.0;1029.0
1;70700;STARFRUIT;5043;27;;;;;5050;27;;;;;5046.5;796.0390625
1;70800;AMETHYSTS;9996;2;9995;20;;;9998;5;10002;8;10004;2;9997.0;1032.0
1;70800;STARFRUIT;5043;22;;;;;5049;2;5050;20;;;5046.0;803.203125
1;70900;STARFRUIT;5042;21;;;;;5043;1;5049;21;;;5042.5;804.7890625
1;70900;AMETHYSTS;9995;21;;;;;10005;21;;;;;10000.0;1042.0
1;71000;AMETHYSTS;9996;2;9995;28;;;9998;3;10004;2;10005;28;9997.0;1042.0
1;71000;STARFRUIT;5043;30;;;;;5048;1;5049;2;5050;28;5045.5;805.5703125
1;71100;AMETHYSTS;9998;4;9995;30;;;10005;30;;;;;10001.5;1048.0
1;71100;STARFRUIT;5043;6;5042;30;;;5050;30;;;;;5046.5;806.890625
1;71200;AMETHYSTS;9996;1;9995;27;;;9998;1;10004;1;10005;27;9997.0;1048.0
1;71200;STARFRUIT;5043;28;;;;;5050;28;;;;;5046.5;799.40625
1;71300;STARFRUIT;5044;2;5043;28;;;5048;8;5050;30;;;5046.0;795.84375
1;71300;AMETHYSTS;9996;2;9995;28;;;10004;2;10005;28;;;10000.0;1050.0
1;71400;AMETHYSTS;10002;2;9996;2;9995;25;10004;2;10005;25;;;10003.0;1050.0
1;71400;STARFRUIT;5044;27;;;;;5049;6;5051;27;;;5046.5;791.00390625
1;71500;AMETHYSTS;9995;26;;;;;10005;26;;;;;10000.0;1066.0
1;71500;STARFRUIT;5043;26;;;;;5049;5;5051;26;;;5046.0;795.03125
1;71600;AMETHYSTS;9998;7;9996;2;9995;29;10004;2;10005;29;;;10001.0;1066.0
1;71600;STARFRUIT;5044;2;5043;29;;;5050;31;;;;;5047.0;796.8671875
1;71700;STARFRUIT;5043;26;;;;;5050;26;;;;;5046.5;803.68359375
1;71700;AMETHYSTS;9996;1;9995;25;;;9998;1;10004;1;10005;25;9997.0;1066.0
1;71800;AMETHYSTS;9995;22;;;;;9998;1;10005;22;;;9996.5;1071.0
1;71800;STARFRUIT;5043;22;;;;;5050;22;;;;;5046.5;805.4453125
1;71900;AMETHYSTS;9996;2;9995;28;;;10004;2;10005;28;;;10000.0;1073.0
1;71900;STARFRUIT;5043;30;;;;;5050;30;;;;;5046.5;801.43359375
1;72000;STARFRUIT;5044;1;5043;23;;;5050;24;;;;;5047.0;799.53125
1;72000;AMETHYSTS;9998;2;9996;1;9995;23;10004;1;10005;23;;;10001.0;1073.0
1;72100;STARFRUIT;5043;26;;;;;5050;26;;;;;5046.5;802.09375
1;72100;AMETHYSTS;9996;2;9995;24;;;9998;1;10004;2;10005;24;9997.0;1073.0
1;72200;STARFRUIT;5044;25;;;;;5051;25;;;;;5047.5;796.8125
1;72200;AMETHYSTS;9995;25;;;;;9998;1;10005;25;;;9996.5;1075.0
1;72300;AMETHYSTS;9996;1;9995;22;;;10004;1;10005;22;;;10000.0;1077.0
1;72300;STARFRUIT;5043;23;;;;;5048;3;5050;23;;;5045.5;803.45703125
1;72400;STARFRUIT;5043;25;;;;;5050;25;;;;;5046.5;804.80078125
1;72400;AMETHYSTS;9995;25;;;;;10005;25;;;;;10000.0;1077.0
1;72500;STARFRUIT;5046;4;5044;2;5043;20;5050;22;;;;;5048.0;799.67578125
1;72500;AMETHYSTS;10000;4;9996;2;9995;20;10004;2;10005;20;;;10002.0;1077.0
1;72600;STARFRUIT;5043;28;;;;;5051;28;;;;;5047.0;797.8046875
1;72600;AMETHYSTS;9998;8;9995;28;;;10005;28;;;;;10001.5;1077.0
1;72700;AMETHYSTS;9995;28;;;;;10005;28;;;;;10000.0;1077.0
1;72700;STARFRUIT;5043;28;;;;;5050;28;;;;;5046.5;800.03515625
1;72800;STARFRUIT;5044;29;;;;;5045;8;5051;29;;;5044.5;793.1015625
1;72800;AMETHYSTS;9996;2;9995;27;;;10004;2;10005;27;;;10000.0;1077.0
1;72900;STARFRUIT;5045;2;5044;23;;;5051;23;;;;;5048.0;812.609375
1;72900;AMETHYSTS;9996;1;9995;22;;;10002;4;10004;1;10005;22;9999.0;1077.0
1;73000;STARFRUIT;5044;21;;;;;5049;8;5051;21;;;5046.5;812.28125
1;73000;AMETHYSTS;9995;21;;;;;10005;21;;;;;10000.0;1077.0
1;73100;AMETHYSTS;9996;1;9995;27;;;10002;7;10004;1;10005;27;9999.0;1077.0
1;73100;STARFRUIT;5045;28;;;;;5050;3;5051;1;5052;27;5047.5;810.552734375
1;73200;STARFRUIT;5045;24;;;;;5052;24;;;;;5048.5;809.953125
1;73200;AMETHYSTS;9996;1;9995;23;;;10002;7;10004;1;10005;23;9999.0;1077.0
1;73300;STARFRUIT;5045;25;;;;;5052;25;;;;;5048.5;809.3681640625
1;73300;AMETHYSTS;9996;2;9995;23;;;10004;2;10005;23;;;10000.0;1077.0
1;73400;STARFRUIT;5045;30;;;;;5052;30;;;;;5048.5;809.4033203125
1;73400;AMETHYSTS;9995;30;;;;;10002;6;10005;30;;;9998.5;1077.0
1;73500;AMETHYSTS;9998;6;9996;1;9995;24;10004;1;10005;24;;;10001.0;1077.0
1;73500;STARFRUIT;5045;25;;;;;5052;25;;;;;5048.5;809.78125
1;73600;STARFRUIT;5045;30;;;;;5052;30;;;;;5048.5;809.33984375
1;73600;AMETHYSTS;9995;30;;;;;9998;1;10005;30;;;9996.5;1077.0
1;73700;STARFRUIT;5045;25;;;;;5052;25;;;;;5048.5;814.4345703125
1;73700;AMETHYSTS;10002;4;9995;25;;;10005;25;;;;;10003.5;1085.0
1;73800;STARFRUIT;5045;22;;;;;5052;22;;;;;5048.5;814.45458984375
1;73800;AMETHYSTS;9998;1;9996;1;9995;21;10004;1;10005;21;;;10001.0;1093.0
1;73900;AMETHYSTS;9995;27;;;;;10005;27;;;;;10000.0;1093.0
1;73900;STARFRUIT;5045;27;;;;;5052;27;;;;;5048.5;814.95556640625
1;74000;STARFRUIT;5047;6;5045;7;5044;29;5051;29;;;;;5049.0;821.7880859375
1;74000;AMETHYSTS;10000;5;9996;2;9995;27;10004;2;10005;27;;;10002.0;1099.0
1;74100;STARFRUIT;5048;3;5044;24;;;5051;24;;;;;5049.5;822.720703125
1;74100;AMETHYSTS;9998;5;9996;1;9995;23;10004;1;10005;23;;;10001.0;1099.0
1;74200;STARFRUIT;5044;31;;;;;5049;7;5051;31;;;5046.5;822.4375
1;74200;AMETHYSTS;9996;1;9995;30;;;10002;1;10004;1;10005;30;9999.0;1099.0
1;74300;AMETHYSTS;9998;6;9996;1;9995;26;10004;1;10005;26;;;10001.0;1099.0
1;74300;STARFRUIT;5044;27;;;;;5049;3;5051;27;;;5046.5;822.46484375
1;74400;STARFRUIT;5044;23;;;;;5051;23;;;;;5047.5;822.7421875
1;74400;AMETHYSTS;9996;2;9995;21;;;10004;2;10005;21;;;10000.0;1102.0
1;74500;STARFRUIT;5049;1;5048;3;5044;26;5050;2;5051;24;;;5049.5;823.5224609375
1;74500;AMETHYSTS;9996;2;9995;24;;;10004;2;10005;24;;;10000.0;1102.0
1;74600;STARFRUIT;5045;1;5044;29;;;5051;29;;;;;5048.0;823.91015625
1;74600;AMETHYSTS;9996;2;9995;27;;;9998;2;10004;2;10005;27;9997.0;1102.0
1;74700;AMETHYSTS;9996;1;9995;26;;;10004;1;10005;26;;;10000.0;1106.0
1;74700;STARFRUIT;5044;27;;;;;5051;27;;;;;5047.5;822.994140625
1;74800;STARFRUIT;5045;1;5044;26;;;5050;2;5051;24;;;5047.5;825.62890625
1;74800;AMETHYSTS;9996;2;9995;24;;;10004;2;10005;24;;;10000.0;1106.0
1;74900;STARFRUIT;5044;28;;;;;5051;28;;;;;5047.5;823.306640625
1;74900;AMETHYSTS;9996;1;9995;27;;;10004;1;10005;27;;;10000.0;1106.0
1;75000;STARFRUIT;5044;22;;;;;5051;22;;;;;5047.5;823.3359375
1;75000;AMETHYSTS;9996;1;9995;21;;;9998;4;10004;1;10005;21;9997.0;1106.0
1;75100;AMETHYSTS;9996;2;9995;26;;;10002;8;10004;2;10005;26;9999.0;1117.0
1;75100;STARFRUIT;5045;28;;;;;5052;28;;;;;5048.5;824.232421875
1;75200;STARFRUIT;5046;7;5045;31;;;5051;1;5052;30;;;5048.5;824.7568359375
1;75200;AMETHYSTS;9996;1;9995;30;;;10004;1;10005;30;;;10000.0;1117.0
1;75300;STARFRUIT;5044;27;;;;;5051;27;;;;;5047.5;825.900390625
1;75300;AMETHYSTS;9998;7;9996;1;9995;26;10004;1;10005;26;;;10001.0;1117.0
1;75400;STARFRUIT;5044;25;;;;;5051;25;;;;;5047.5;826.21484375
1;75400;AMETHYSTS;9995;25;;;;;10005;25;;;;;10000.0;1117.0
1;75500;AMETHYSTS;9996;1;9995;22;;;10004;1;10005;22;;;10000.0;1117.0
1;75500;STARFRUIT;5044;23;;;;;5051;23;;;;;5047.5;826.6728515625
1;75600;STARFRUIT;5044;2;5043;23;;;5050;2;5051;23;;;5047.0;832.0185546875
1;75600;AMETHYSTS;9996;2;9995;23;;;9998;9;10004;2;10005;23;9997.0;1120.0
