day;timestamp;product;bid_price_1;bid_volume_1;bid_price_2;bid_volume_2;bid_price_3;bid_volume_3;ask_price_1;ask_volume_1;ask_price_2;ask_volume_2;ask_price_3;ask_volume_3;mid_price;profit_and_loss
0;100;AMETHYSTS;10002;1;10000;2;9998;13;10004;1;10005;44;;;10003.0;0.0
0;100;STARFRUIT;5042;1;5039;2;5037;1;5043;45;;;;;5042.5;0.0
0;200;AMETHYSTS;9996;1;9995;21;;;10004;1;10005;21;;;10000.0;0.0
0;200;STARFRUIT;5037;1;5036;21;;;5043;1;5044;21;;;5040.0;0.0
0;300;STARFRUIT;5042;1;5037;26;;;5044;26;;;;;5043.0;0.0
0;300;AMETHYSTS;9995;26;;;;;10005;26;;;;;10000.0;0.0
0;400;AMETHYSTS;9998;8;9996;2;9995;26;10004;2;10005;26;;;10001.0;0.0
0;400;STARFRUIT;5037;28;;;;;5044;28;;;;;5040.5;0.0
0;500;AMETHYSTS;9998;8;9996;1;9995;23;10004;1;10005;23;;;10001.0;0.0
0;500;STARFRUIT;5037;24;;;;;5042;3;5044;24;;;5039.5;0.0
0;600;AMETHYSTS;9996;2;9995;28;;;10004;2;10005;28;;;10000.0;0.0
0;600;STARFRUIT;5041;5;5037;30;;;5044;30;;;;;5042.5;0.0
0;700;STARFRUIT;5036;22;;;;;5043;23;;;;;5039.5;0.0
0;700;AMETHYSTS;9996;1;9995;22;;;10004;1;10005;22;;;10000.0;0.0
0;800;AMETHYSTS;9996;1;9995;24;;;10000;3;10004;1;10005;24;9998.0;0.0
0;800;STARFRUIT;5036;25;;;;;5039;3;5043;25;;;5037.5;20.4609375
0;900;AMETHYSTS;9996;1;9995;20;;;9998;11;10004;1;10005;20;9997.0;0.0
0;900;STARFRUIT;5036;21;;;;;5043;21;;;;;5039.5;21.296875
0;1000;AMETHYSTS;9996;1;9995;30;;;10004;1;10005;30;;;10000.0;0.0
0;1000;STARFRUIT;5037;1;5036;30;;;5043;31;;;;;5040.0;26.671875
0;1100;STARFRUIT;5037;22;;;;;5043;1;5044;21;;;5040.0;31.8203125
0;1100;AMETHYSTS;9996;1;9995;21;;;10002;6;10004;1;10005;21;9999.0;0.0
0;1200;AMETHYSTS;9996;1;9995;22;;;10004;1;10005;22;;;10000.0;0.0
0;1200;STARFRUIT;5036;23;;;;;5037;1;5043;23;;;5036.5;24.7265625
0;1300;AMETHYSTS;10002;1;9995;25;;;10005;25;;;;;10003.5;0.0
0;1300;STARFRUIT;5036;25;;;;;5043;25;;;;;5039.5;17.875
0;1400;AMETHYSTS;9995;23;;;;;10000;6;10005;23;;;9997.5;0.0
0;1400;STARFRUIT;5036;23;;;;;5039;6;5043;23;;;5037.5;18.75
0;1500;STARFRUIT;5041;1;5036;21;;;5043;21;;;;;5042.0;20.828125
0;1500;AMETHYSTS;9996;1;9995;20;;;9998;4;10004;1;10005;20;9997.0;0.0
0;1600;AMETHYSTS;9996;2;9995;28;;;10004;2;10005;28;;;10000.0;0.0
0;1600;STARFRUIT;5037;30;;;;;5043;2;5044;28;;;5040.0;32.34375
0;1700;AMETHYSTS;9995;28;;;;;10005;28;;;;;10000.0;0.0
0;1700;STARFRUIT;5036;28;;;;;5041;8;5043;28;;;5038.5;27.4375
0;1800;AMETHYSTS;10000;4;9995;23;;;10002;10;10005;23;;;10001.0;0.0
0;1800;STARFRUIT;5040;4;5036;23;;;5044;23;;;;;5042.0;30.046875
0;1900;STARFRUIT;5036;31;;;;;5043;32;;;;;5039.5;19.4140625
0;1900;AMETHYSTS;9996;2;9995;30;;;10004;2;10005;30;;;10000.0;0.0
0;2000;AMETHYSTS;9996;2;9995;21;;;10004;2;10005;21;;;10000.0;0.0
0;2000;STARFRUIT;5036;23;;;;;5043;23;;;;;5039.5;20.3515625
0;2100;AMETHYSTS;9996;2;9995;26;;;10004;2;10005;26;;;10000.0;0.0
0;2100;STARFRUIT;5036;28;;;;;5041;5;5043;28;;;5038.5;21.078125
0;2200;AMETHYSTS;9996;1;9995;20;;;9998;4;10004;1;10005;20;9997.0;0.0
0;2200;STARFRUIT;5037;4;5036;21;;;5043;21;;;;;5040.0;19.8203125
0;2300;STARFRUIT;5038;5;5037;24;;;5043;2;5044;22;;;5040.5;31.9375
0;2300;AMETHYSTS;9996;2;9995;22;;;10004;2;10005;22;;;10000.0;0.0
0;2400;AMETHYSTS;9996;2;9995;20;;;10004;2;10005;20;;;10000.0;0.0
0;2400;STARFRUIT;5037;22;;;;;5043;2;5044;20;;;5040.0;31.84375
0;2500;AMETHYSTS;9998;3;9996;2;9995;21;10004;2;10005;21;;;10001.0;0.0
0;2500;STARFRUIT;5036;23;;;;;5043;23;;;;;5039.5;21.8828125
0;2600;AMETHYSTS;10002;1;9996;1;9995;29;10004;1;10005;29;;;10003.0;0.0
0;2600;STARFRUIT;5035;30;;;;;5042;30;;;;;5038.5;4.4921875
0;2700;STARFRUIT;5036;7;5035;23;;;5041;2;5042;21;;;5038.5;1.8984375
0;2700;AMETHYSTS;9998;7;9996;2;9995;21;10004;2;10005;21;;;10001.0;0.0
0;2800;AMETHYSTS;9995;27;;;;;10005;27;;;;;10000.0;0.0
0;2800;STARFRUIT;5035;27;;;;;5042;27;;;;;5038.5;8.734375
0;2900;AMETHYSTS;9996;2;9995;20;;;10004;2;10005;20;;;10000.0;0.0
0;2900;STARFRUIT;5035;22;;;;;5042;22;;;;;5038.5;6.8671875
0;3000;AMETHYSTS;9996;1;9995;29;;;10004;1;10005;29;;;10000.0;0.0
0;3000;STARFRUIT;5040;1;5035;6;5034;29;5041;30;;;;;5040.5;-3.21875
0;3100;STARFRUIT;5035;1;5034;27;;;5041;28;;;;;5038.0;-2.0
0;3100;AMETHYSTS;9998;5;9996;1;9995;27;10004;1;10005;27;;;10001.0;0.0
0;3200;STARFRUIT;5035;24;;;;;5038;5;5042;24;;;5036.5;2.9453125
0;3200;AMETHYSTS;10002;2;9995;24;;;10005;24;;;;;10003.5;0.0
0;3300;AMETHYSTS;10002;1;9996;1;9995;24;10004;1;10005;24;;;10003.0;0.0
0;3300;STARFRUIT;5034;25;;;;;5041;25;;;;;5037.5;-5.5546875
0;3400;STARFRUIT;5034;29;;;;;5041;29;;;;;5037.5;-6.015625
0;3400;AMETHYSTS;9998;10;9996;2;9995;27;10004;2;10005;27;;;10001.0;0.0
0;3500;STARFRUIT;5034;26;;;;;5041;26;;;;;5037.5;-5.2734375
0;3500;AMETHYSTS;9995;26;;;;;10002;10;10005;26;;;9998.5;0.0
0;3600;STARFRUIT;5034;27;;;;;5041;27;;;;;5037.5;-7.796875
0;3600;AMETHYSTS;9995;27;;;;;10002;8;10005;27;;;9998.5;0.0
0;3700;AMETHYSTS;9998;3;9995;25;;;10005;25;;;;;10001.5;0.0
0;3700;STARFRUIT;5034;25;;;;;5041;25;;;;;5037.5;-2.40625
0;3800;STARFRUIT;5034;24;;;;;5039;7;5041;24;;;5036.5;-4.3046875
0;3800;AMETHYSTS;9995;24;;;;;10005;24;;;;;10000.0;0.0
0;3900;STARFRUIT;5035;1;5034;26;;;5040;2;5041;24;;;5037.5;-12.6796875
0;3900;AMETHYSTS;9996;2;9995;24;;;10004;2;10005;24;;;10000.0;0.0
0;4000;STARFRUIT;5034;30;;;;;5041;31;;;;;5037.5;-8.984375
0;4000;AMETHYSTS;10002;1;9996;1;9995;30;10004;1;10005;30;;;10003.0;0.0
0;4100;AMETHYSTS;10000;5;9996;2;9995;22;10002;4;10004;2;10005;22;10001.0;0.0
0;4100;STARFRUIT;5037;5;5035;2;5034;22;5041;24;;;;;5039.0;-0.421875
0;4200;STARFRUIT;5034;29;;;;;5039;7;5041;29;;;5036.5;-9.40625
0;4200;AMETHYSTS;10002;5;9996;1;9995;28;10004;1;10005;28;;;10003.0;0.0
0;4300;STARFRUIT;5034;26;;;;;5036;2;5041;26;;;5035.0;-0.4921875
0;4300;AMETHYSTS;9995;26;;;;;10002;8;10005;26;;;9998.5;0.0
0;4400;STARFRUIT;5035;28;;;;;5042;28;;;;;5038.5;4.125
0;4400;AMETHYSTS;9995;28;;;;;10005;28;;;;;10000.0;0.0
0;4500;AMETHYSTS;9995;26;;;;;10005;26;;;;;10000.0;0.0
0;4500;STARFRUIT;5035;26;;;;;5040;8;5042;26;;;5037.5;4.3046875
0;4600;STARFRUIT;5035;21;;;;;5040;3;5042;21;;;5037.5;2.6484375
0;4600;AMETHYSTS;9995;21;;;;;10005;21;;;;;10000.0;0.0
0;4700;STARFRUIT;5034;26;;;;;5041;26;;;;;5037.5;-9.140625
0;4700;AMETHYSTS;9998;5;9995;26;;;10005;26;;;;;10001.5;0.0
0;4800;STARFRUIT;5039;1;5035;7;5034;23;5041;23;;;;;5040.0;-8.484375
0;4800;AMETHYSTS;9996;1;9995;22;;;10004;1;10005;22;;;10000.0;0.0
0;4900;AMETHYSTS;9996;2;9995;22;;;10004;2;10005;22;;;10000.0;0.0
0;4900;STARFRUIT;5033;24;;;;;5038;6;5040;24;;;5035.5;-20.3203125
0;5000;STARFRUIT;5033;6;5032;30;;;5039;31;;;;;5036.0;-31.609375
0;5000;AMETHYSTS;9998;9;9996;1;9995;30;10004;1;10005;30;;;10001.0;0.0
0;5100;STARFRUIT;5032;26;;;;;5039;26;;;;;5035.5;-32.296875
0;5100;AMETHYSTS;9995;26;;;;;10005;26;;;;;10000.0;0.0
0;5200;STARFRUIT;5035;5;5033;8;5032;23;5039;25;;;;;5037.0;-32.65625
0;5200;AMETHYSTS;10000;5;9998;7;9996;2;10004;2;10005;23;;;10002.0;0.0
0;5300;AMETHYSTS;9995;22;;;;;9998;12;10005;22;;;9996.5;0.0
0;5300;STARFRUIT;5032;22;;;;;5039;22;;;;;5035.5;-37.1953125
0;5400;STARFRUIT;5032;30;;;;;5039;30;;;;;5035.5;-25.03125
0;5400;AMETHYSTS;9995;30;;;;;10005;30;;;;;10000.0;0.0
0;5500;AMETHYSTS;9996;1;9995;28;;;10004;1;10005;28;;;10000.0;0.0
0;5500;STARFRUIT;5032;29;;;;;5033;8;5039;29;;;5032.5;-25.734375
0;5600;AMETHYSTS;9998;2;9996;2;9995;23;10004;2;10005;23;;;10001.0;0.0
0;5600;STARFRUIT;5032;25;;;;;5038;2;5039;23;;;5035.0;-38.71875
0;5700;AMETHYSTS;9996;1;9995;30;;;10004;1;10005;30;;;10000.0;0.0
0;5700;STARFRUIT;5032;3;5031;31;;;5038;31;;;;;5035.0;-50.203125
0;5800;STARFRUIT;5031;30;;;;;5038;30;;;;;5034.5;-47.046875
0;5800;AMETHYSTS;9996;2;9995;28;;;10004;2;10005;28;;;10000.0;0.0
0;5900;AMETHYSTS;9996;2;9995;21;;;10004;2;10005;21;;;10000.0;0.0
0;5900;STARFRUIT;5031;23;;;;;5038;23;;;;;5034.5;-44.71875
0;6000;AMETHYSTS;9995;30;;;;;10002;10;10005;30;;;9998.5;0.0
0;6000;STARFRUIT;5031;30;;;;;5038;30;;;;;5034.5;-46.7890625
0;6100;AMETHYSTS;9996;1;9995;24;;;10004;1;10005;24;;;10000.0;0.0
0;6100;STARFRUIT;5031;25;;;;;5037;1;5038;24;;;5034.0;-58.359375
0;6200;STARFRUIT;5036;1;5031;30;;;5038;30;;;;;5037.0;-55.0625
0;6200;AMETHYSTS;9998;3;9996;1;9995;29;10004;1;10005;29;;;10001.0;0.0
0;6300;AMETHYSTS;9995;22;;;;;10005;22;;;;;10000.0;0.0
0;6300;STARFRUIT;5030;22;;;;;5037;22;;;;;5033.5;-67.4375
0;6400;AMETHYSTS;9996;1;9995;23;;;10002;6;10004;1;10005;23;9999.0;0.0
0;6400;STARFRUIT;5030;24;;;;;5036;1;5037;23;;;5033.0;-77.0625
0;6500;AMETHYSTS;9995;22;;;;;10005;22;;;;;10000.0;0.0
0;6500;STARFRUIT;5029;22;;;;;5036;22;;;;;5032.5;-80.546875
0;6600;STARFRUIT;5030;29;;;;;5031;7;5036;2;5037;27;5030.5;-76.625
0;6600;AMETHYSTS;9996;2;9995;27;;;10004;2;10005;27;;;10000.0;0.0
0;6700;AMETHYSTS;9996;1;9995;30;;;10004;1;10005;30;;;10000.0;0.0
0;6700;STARFRUIT;5030;1;5029;30;;;5034;7;5036;31;;;5032.0;-82.0390625
0;6800;AMETHYSTS;10000;5;9996;2;9995;29;10004;2;10005;29;;;10002.0;0.0
0;6800;STARFRUIT;5033;4;5030;31;;;5037;31;;;;;5035.0;-73.703125
0;6900;AMETHYSTS;9996;2;9995;27;;;10004;2;10005;27;;;10000.0;0.0
0;6900;STARFRUIT;5030;29;;;;;5035;3;5037;29;;;5032.5;-70.203125
0;7000;STARFRUIT;5030;8;5029;30;;;5036;31;;;;;5033.0;-80.9609375
0;7000;AMETHYSTS;9996;1;9995;30;;;10004;1;10005;30;;;10000.0;0.0
0;7100;AMETHYSTS;9996;1;9995;30;;;9998;5;10002;7;10004;1;9997.0;0.0
0;7100;STARFRUIT;5030;1;5029;30;;;5036;31;;;;;5033.0;-80.7109375
0;7200;AMETHYSTS;9996;1;9995;22;;;10002;1;10004;1;10005;22;9999.0;0.0
0;7200;STARFRUIT;5031;6;5030;23;;;5036;1;5037;22;;;5033.5;-73.546875
0;7300;AMETHYSTS;9996;1;9995;25;;;10004;1;10005;25;;;10000.0;0.0
0;7300;STARFRUIT;5030;26;;;;;5036;1;5037;25;;;5033.0;-76.1875
0;7400;STARFRUIT;5030;22;;;;;5037;22;;;;;5033.5;-73.375
0;7400;AMETHYSTS;10002;1;9995;22;;;10005;22;;;;;10003.5;0.0
0;7500;AMETHYSTS;9995;29;;;;;10005;29;;;;;10000.0;0.0
0;7500;STARFRUIT;5030;29;;;;;5035;3;5037;29;;;5032.5;-61.1875
0;7600;AMETHYSTS;10002;1;9995;27;;;10005;27;;;;;10003.5;0.0
0;7600;STARFRUIT;5031;27;;;;;5038;27;;;;;5034.5;-52.671875
0;7700;STARFRUIT;5030;26;;;;;5037;26;;;;;5033.5;-63.328125
0;7700;AMETHYSTS;9996;1;9995;25;;;10002;5;10004;1;10005;25;9999.0;0.0
0;7800;AMETHYSTS;9995;23;;;;;10005;23;;;;;10000.0;0.0
0;7800;STARFRUIT;5031;1;5030;23;;;5037;23;;;;;5034.0;-62.84375
0;7900;AMETHYSTS;9996;2;9995;22;;;10002;7;10004;2;10005;22;9999.0;0.0
0;7900;STARFRUIT;5030;24;;;;;5037;24;;;;;5033.5;-68.5078125
0;8000;AMETHYSTS;10000;3;9996;2;9995;28;10004;2;10005;28;;;10002.0;0.0
0;8000;STARFRUIT;5036;1;5033;3;5031;2;5037;30;;;;;5036.5;-59.6015625
0;8100;STARFRUIT;5030;25;;;;;5037;25;;;;;5033.5;-59.4453125
0;8100;AMETHYSTS;9995;25;;;;;10005;25;;;;;10000.0;0.0
0;8200;AMETHYSTS;9996;2;9995;25;;;10004;2;10005;25;;;10000.0;0.0
0;8200;STARFRUIT;5030;27;;;;;5037;27;;;;;5033.5;-63.1015625
0;8300;AMETHYSTS;9998;9;9995;28;;;10005;28;;;;;10001.5;0.0
0;8300;STARFRUIT;5030;28;;;;;5037;28;;;;;5033.5;-60.4921875
0;8400;AMETHYSTS;9998;5;9995;29;;;10005;29;;;;;10001.5;0.0
0;8400;STARFRUIT;5031;29;;;;;5038;29;;;;;5034.5;-51.890625
0;8500;STARFRUIT;5032;8;5031;27;;;5037;2;5038;25;;;5034.5;-53.7421875
0;8500;AMETHYSTS;9996;2;9995;25;;;10004;2;10005;25;;;10000.0;0.0
0;8600;AMETHYSTS;9996;2;9995;27;;;10004;2;10005;27;;;10000.0;0.0
0;8600;STARFRUIT;5031;29;;;;;5037;2;5038;27;;;5034.0;-55.421875
0;8700;AMETHYSTS;9996;2;9995;22;;;10004;2;10005;22;;;10000.0;0.0
0;8700;STARFRUIT;5035;1;5031;8;5030;24;5037;24;;;;;5036.0;-68.875
0;8800;AMETHYSTS;9996;1;9995;30;;;10004;1;10005;30;;;10000.0;0.0
0;8800;STARFRUIT;5030;31;;;;;5037;31;;;;;5033.5;-66.15625
0;8900;STARFRUIT;5031;2;5030;26;;;5037;26;;;;;5034.0;-70.484375
0;8900;AMETHYSTS;9995;26;;;;;10005;26;;;;;10000.0;0.0
0;9000;AMETHYSTS;9995;23;;;;;10005;23;;;;;10000.0;0.0
0;9000;STARFRUIT;5030;23;;;;;5037;23;;;;;5033.5;-72.546875
0;9100;AMETHYSTS;9995;22;;;;;9998;1;10005;22;;;9996.5;0.0
0;9100;STARFRUIT;5030;5;5029;22;;;5036;22;;;;;5033.0;-78.59375
0;9200;AMETHYSTS;9996;2;9995;25;;;10004;2;10005;25;;;10000.0;0.0
0;9200;STARFRUIT;5030;5;5029;25;;;5036;27;;;;;5033.0;-76.71875
0;9300;STARFRUIT;5030;1;5029;29;;;5036;30;;;;;5033.0;-77.578125
0;9300;AMETHYSTS;10002;11;9998;1;9996;1;10004;1;10005;29;;;10003.0;0.0
0;9400;AMETHYSTS;10002;1;9996;2;9995;28;10004;2;10005;28;;;10003.0;0.0
0;9400;STARFRUIT;5031;3;5030;30;;;5036;2;5037;28;;;5033.5;-71.46875
0;9500;AMETHYSTS;10002;1;9996;2;9995;24;10004;2;10005;24;;;10003.0;0.0
0;9500;STARFRUIT;5030;2;5029;24;;;5036;26;;;;;5033.0;-78.3515625
0;9600;AMETHYSTS;9996;1;9995;20;;;10002;6;10004;1;10005;20;9999.0;0.0
0;9600;STARFRUIT;5029;21;;;;;5036;21;;;;;5032.5;-82.609375
0;9700;STARFRUIT;5029;31;;;;;5032;5;5034;5;5036;31;5030.5;-84.6328125
0;9700;AMETHYSTS;9996;1;9995;30;;;10000;4;10004;1;10005;30;9998.0;0.0
0;9800;AMETHYSTS;9998;1;9996;2;9995;24;10004;2;10005;24;;;10001.0;0.0
0;9800;STARFRUIT;5029;26;;;;;5036;26;;;;;5032.5;-85.0546875
0;9900;AMETHYSTS;9995;24;;;;;10005;24;;;;;10000.0;0.0
0;9900;STARFRUIT;5029;24;;;;;5036;24;;;;;5032.5;-88.890625
0;10000;AMETHYSTS;9995;27;;;;;10005;27;;;;;10000.0;0.0
0;10000;STARFRUIT;5029;27;;;;;5036;27;;;;;5032.5;-88.78125
0;10100;STARFRUIT;5028;21;;;;;5033;5;5035;21;;;5030.5;-101.34375
0;10100;AMETHYSTS;10002;4;9996;1;9995;20;10004;1;10005;20;;;10003.0;0.0
0;10200;AMETHYSTS;9995;20;;;;;10005;20;;;;;10000.0;0.0
0;10200;STARFRUIT;5028;20;;;;;5035;20;;;;;5031.5;-100.8515625
0;10300;AMETHYSTS;9996;1;9995;24;;;10004;1;10005;24;;;10000.0;0.0
0;10300;STARFRUIT;5030;5;5029;25;;;5035;1;5036;24;;;5032.5;-94.6796875
0;10400;AMETHYSTS;9995;25;;;;;10005;25;;;;;10000.0;0.0
0;10400;STARFRUIT;5029;25;;;;;5036;25;;;;;5032.5;-93.5078125
0;10500;STARFRUIT;5030;8;5029;26;;;5037;26;;;;;5033.5;-76.1171875
0;10500;AMETHYSTS;9995;26;;;;;10005;26;;;;;10000.0;0.0
0;10600;AMETHYSTS;9995;20;;;;;10005;20;;;;;10000.0;0.0
0;10600;STARFRUIT;5034;3;5029;20;;;5036;20;;;;;5035.0;-86.4375
0;10700;AMETHYSTS;9995;24;;;;;9998;3;10005;24;;;9996.5;0.0
0;10700;STARFRUIT;5030;7;5029;24;;;5036;24;;;;;5033.0;-95.546875
0;10800;AMETHYSTS;9995;23;;;;;10002;1;10005;23;;;9998.5;0.0
0;10800;STARFRUIT;5030;6;5029;23;;;5036;23;;;;;5033.0;-94.6015625
0;10900;STARFRUIT;5029;1;5028;22;;;5031;6;5035;23;;;5030.0;-97.28125
0;10900;AMETHYSTS;9996;1;9995;22;;;10000;6;10004;1;10005;22;9998.0;0.0
0;11000;AMETHYSTS;9996;1;9995;26;;;10004;1;10005;26;;;10000.0;0.0
0;11000;STARFRUIT;5028;27;;;;;5033;2;5035;27;;;5030.5;-109.9765625
0;11100;AMETHYSTS;9996;1;9995;30;;;10002;1;10004;1;10005;30;9999.0;0.0
0;11100;STARFRUIT;5029;1;5028;31;;;5034;1;5035;30;;;5031.5;-112.40625
0;11200;AMETHYSTS;9996;2;9995;28;;;10004;2;10005;28;;;10000.0;0.0
0;11200;STARFRUIT;5028;2;5027;28;;;5032;5;5034;30;;;5030.0;-120.3046875
0;11300;STARFRUIT;5027;27;;;;;5034;27;;;;;5030.5;-125.6015625
0;11300;AMETHYSTS;9996;2;9995;25;;;10002;2;10004;2;10005;25;9999.0;0.0
0;11400;AMETHYSTS;9995;30;;;;;10005;30;;;;;10000.0;0.0
0;11400;STARFRUIT;5027;30;;;;;5034;30;;;;;5030.5;-130.1015625
0;11500;AMETHYSTS;9996;1;9995;28;;;10004;1;10005;28;;;10000.0;0.0
0;11500;STARFRUIT;5027;29;;;;;5032;5;5034;29;;;5029.5;-121.8515625
0;11600;AMETHYSTS;9996;2;9995;22;;;10004;2;10005;22;;;10000.0;0.0
0;11600;STARFRUIT;5027;24;;;;;5032;7;5034;24;;;5029.5;-124.5546875
0;11700;STARFRUIT;5029;4;5027;2;5026;20;5033;22;;;;;5031.0;-139.671875
0;11700;AMETHYSTS;10000;4;9996;2;9995;20;10004;2;10005;20;;;10002.0;0.0
0;11800;AMETHYSTS;9998;10;9996;1;9995;21;10004;1;10005;21;;;10001.0;0.0
0;11800;STARFRUIT;5026;22;;;;;5033;22;;;;;5029.5;-146.3984375
0;11900;AMETHYSTS;10002;1;10000;4;9998;1;10004;1;10005;22;;;10003.0;0.0
0;11900;STARFRUIT;5028;4;5026;1;5025;22;5032;23;;;;;5030.0;-160.6796875
0;12000;STARFRUIT;5025;28;;;;;5032;28;;;;;5028.5;-167.21875
0;12000;AMETHYSTS;9996;1;9995;27;;;10004;1;10005;27;;;10000.0;0.0
0;12100;STARFRUIT;5026;2;5025;23;;;5032;25;;;;;5029.0;-158.75
0;12100;AMETHYSTS;9996;2;9995;23;;;9998;8;10004;2;10005;23;9997.0;0.0
0;12200;STARFRUIT;5025;25;;;;;5032;25;;;;;5028.5;-160.984375
0;12200;AMETHYSTS;9996;2;9995;23;;;10004;2;10005;23;;;10000.0;0.0
0;12300;AMETHYSTS;9996;1;9995;24;;;10002;3;10004;1;10005;24;9999.0;0.0
0;12300;STARFRUIT;5026;5;5025;24;;;5032;25;;;;;5029.0;-158.21875
0;12400;STARFRUIT;5026;29;;;;;5033;29;;;;;5029.5;-151.96875
0;12400;AMETHYSTS;10002;1;9998;5;9995;29;10005;29;;;;;10003.5;0.0
0;12500;STARFRUIT;5029;3;5026;23;;;5033;23;;;;;5031.0;-149.59375
0;12500;AMETHYSTS;10000;3;9996;1;9995;22;10004;1;10005;22;;;10002.0;0.0
0;12600;STARFRUIT;5029;4;5026;26;;;5033;26;;;;;5031.0;-148.453125
0;12600;AMETHYSTS;10000;4;9995;26;;;10005;26;;;;;10002.5;0.0
0;12700;AMETHYSTS;10002;1;9996;1;9995;27;10004;1;10005;27;;;10003.0;0.0
0;12700;STARFRUIT;5027;28;;;;;5034;28;;;;;5030.5;-130.75
0;12800;STARFRUIT;5030;4;5027;30;;;5034;30;;;;;5032.0;-126.7109375
0;12800;AMETHYSTS;10000;4;9996;2;9995;28;10002;9;10004;2;10005;28;10001.0;0.0
0;12900;STARFRUIT;5027;23;;;;;5032;2;5034;23;;;5029.5;-127.25
0;12900;AMETHYSTS;9996;2;9995;21;;;10002;4;10004;2;10005;21;9999.0;0.0
0;13000;STARFRUIT;5027;32;;;;;5034;32;;;;;5030.5;-123.9609375
0;13000;AMETHYSTS;9996;2;9995;30;;;10002;2;10004;2;10005;30;9999.0;0.0
0;13100;AMETHYSTS;9995;21;;;;;10000;2;10005;21;;;9997.5;0.0
0;13100;STARFRUIT;5028;21;;;;;5031;2;5035;21;;;5029.5;-114.3203125
0;13200;STARFRUIT;5033;1;5029;7;5028;31;5035;31;;;;;5034.0;-109.921875
0;13200;AMETHYSTS;9998;9;9996;2;9995;29;10004;2;10005;29;;;10001.0;0.0
0;13300;STARFRUIT;5028;23;;;;;5035;23;;;;;5031.5;-105.578125
0;13300;AMETHYSTS;10002;2;9996;1;9995;22;10004;1;10005;22;;;10003.0;0.0
0;13400;STARFRUIT;5028;26;;;;;5035;26;;;;;5031.5;-105.53125
0;13400;AMETHYSTS;9995;26;;;;;10005;26;;;;;10000.0;0.0
0;13500;AMETHYSTS;9996;1;9995;24;;;10004;1;10005;24;;;10000.0;0.0
0;13500;STARFRUIT;5028;25;;;;;5035;25;;;;;5031.5;-109.6328125
0;13600;STARFRUIT;5028;26;;;;;5033;3;5035;26;;;5030.5;-104.4453125
0;13600;AMETHYSTS;9996;2;9995;24;;;10002;6;10004;2;10005;24;9999.0;0.0
0;13700;STARFRUIT;5028;28;;;;;5035;28;;;;;5031.5;-99.75
0;13700;AMETHYSTS;10002;1;9995;28;;;10005;28;;;;;10003.5;0.0
0;13800;STARFRUIT;5028;23;;;;;5035;23;;;;;5031.5;-97.28125
0;13800;AMETHYSTS;9998;1;9995;23;;;10005;23;;;;;10001.5;0.0
0;13900;AMETHYSTS;9996;1;9995;20;;;10004;1;10005;20;;;10000.0;0.0
0;13900;STARFRUIT;5029;21;;;;;5031;3;5036;21;;;5030.0;-84.53125
0;14000;STARFRUIT;5030;3;5029;28;;;5036;29;;;;;5033.0;-78.7265625
0;14000;AMETHYSTS;10002;6;9998;1;9996;1;10004;1;10005;28;;;10003.0;0.0
0;14100;STARFRUIT;5029;22;;;;;5036;22;;;;;5032.5;-81.890625
0;14100;AMETHYSTS;9996;2;9995;20;;;10002;4;10004;2;10005;20;9999.0;0.0
0;14200;STARFRUIT;5029;21;;;;;5036;21;;;;;5032.5;-85.78125
0;14200;AMETHYSTS;9995;21;;;;;10005;21;;;;;10000.0;0.0
0;14300;AMETHYSTS;9996;1;9995;21;;;10004;1;10005;21;;;10000.0;0.0
0;14300;STARFRUIT;5029;1;5028;21;;;5035;22;;;;;5032.0;-97.4453125
0;14400;STARFRUIT;5029;22;;;;;5036;23;;;;;5032.5;-87.421875
0;14400;AMETHYSTS;10002;4;9996;2;9995;21;10004;2;10005;21;;;10003.0;0.0
0;14500;AMETHYSTS;9996;1;9995;28;;;10002;10;10004;1;10005;28;9999.0;0.0
0;14500;STARFRUIT;5029;29;;;;;5034;6;5036;29;;;5031.5;-87.6796875
0;14600;AMETHYSTS;9996;1;9995;27;;;10004;1;10005;27;;;10000.0;0.0
0;14600;STARFRUIT;5029;1;5028;27;;;5030;3;5035;1;5036;27;5029.5;-96.3046875
0;14700;AMETHYSTS;9996;1;9995;23;;;10004;1;10005;23;;;10000.0;0.0
0;14700;STARFRUIT;5029;24;;;;;5034;2;5035;1;5036;23;5031.5;-94.921875
0;14800;STARFRUIT;5029;1;5028;30;;;5033;3;5035;31;;;5031.0;-99.15625
0;14800;AMETHYSTS;9996;1;9995;30;;;9998;1;10004;1;10005;30;9997.0;0.0
0;14900;AMETHYSTS;9996;1;9995;25;;;10002;1;10004;1;10005;25;9999.0;0.0
0;14900;STARFRUIT;5032;4;5028;26;;;5035;26;;;;;5033.5;-109.9453125
0;15000;AMETHYSTS;9996;2;9995;25;;;10004;2;10005;25;;;10000.0;0.0
0;15000;STARFRUIT;5029;6;5028;25;;;5035;27;;;;;5032.0;-96.578125
0;15100;AMETHYSTS;9996;1;9995;20;;;9998;1;10004;1;10005;20;9997.0;0.0
0;15100;STARFRUIT;5028;21;;;;;5035;21;;;;;5031.5;-107.8359375
0;15200;STARFRUIT;5031;4;5029;4;5028;23;5035;23;;;;;5033.0;-103.4609375
0;15200;AMETHYSTS;10000;4;9996;2;9995;21;10002;4;10004;2;10005;21;10001.0;0.0
0;15300;AMETHYSTS;9996;2;9995;22;;;10002;7;10004;2;10005;22;9999.0;0.0
0;15300;STARFRUIT;5028;2;5027;22;;;5033;6;5034;2;5035;22;5030.5;-115.953125
0;15400;AMETHYSTS;9995;30;;;;;10005;30;;;;;10000.0;0.0
0;15400;STARFRUIT;5027;30;;;;;5034;30;;;;;5030.5;-120.296875
0;15500;AMETHYSTS;9995;25;;;;;9998;11;10005;25;;;9996.5;0.0
0;15500;STARFRUIT;5028;25;;;;;5035;25;;;;;5031.5;-115.40625
0;15600;STARFRUIT;5028;23;;;;;5034;1;5035;22;;;5031.0;-114.921875
0;15600;AMETHYSTS;9996;1;9995;22;;;10004;1;10005;22;;;10000.0;0.0
0;15700;AMETHYSTS;9996;2;9995;28;;;10004;2;10005;28;;;10000.0;0.0
0;15700;STARFRUIT;5028;30;;;;;5033;1;5034;2;5035;28;5030.5;-114.203125
0;15800;AMETHYSTS;9998;6;9996;2;9995;26;10004;2;10005;26;;;10001.0;0.0
0;15800;STARFRUIT;5029;4;5028;28;;;5035;28;;;;;5032.0;-101.46875
0;15900;AMETHYSTS;9996;1;9995;20;;;10002;8;10004;1;10005;20;9999.0;0.0
0;15900;STARFRUIT;5029;1;5028;20;;;5030;3;5035;21;;;5029.5;-98.578125
0;16000;STARFRUIT;5029;22;;;;;5034;4;5036;22;;;5031.5;-90.96875
0;16000;AMETHYSTS;9996;2;9995;20;;;10004;2;10005;20;;;10000.0;0.0
0;16100;AMETHYSTS;9996;1;9995;26;;;10004;1;10005;26;;;10000.0;0.0
0;16100;STARFRUIT;5029;27;;;;;5031;2;5034;8;5036;27;5030.0;-84.7421875
0;16200;AMETHYSTS;9995;27;;;;;10002;4;10005;27;;;9998.5;0.0
0;16200;STARFRUIT;5029;26;;;;;5036;27;;;;;5032.5;-94.734375
0;16300;AMETHYSTS;9996;1;9995;21;;;10004;1;10005;21;;;10000.0;0.0
0;16300;STARFRUIT;5029;22;;;;;5036;22;;;;;5032.5;-90.703125
0;16400;AMETHYSTS;9996;2;9995;25;;;10002;6;10004;2;10005;25;9999.0;0.0
0;16400;STARFRUIT;5028;27;;;;;5033;7;5035;27;;;5030.5;-100.8359375
0;16500;AMETHYSTS;9995;22;;;;;10005;22;;;;;10000.0;0.0
0;16500;STARFRUIT;5028;22;;;;;5033;1;5035;22;;;5030.5;-115.140625
0;16600;AMETHYSTS;9995;26;;;;;10005;26;;;;;10000.0;0.0
0;16600;STARFRUIT;5029;7;5028;26;;;5035;26;;;;;5032.0;-114.859375
0;16700;STARFRUIT;5028;25;;;;;5035;25;;;;;5031.5;-110.1875
0;16700;AMETHYSTS;10002;1;9998;2;9995;25;10005;25;;;;;10003.5;0.0
0;16800;AMETHYSTS;10000;2;9996;2;9995;25;10004;2;10005;25;;;10002.0;0.0
0;16800;STARFRUIT;5031;2;5028;27;;;5035;27;;;;;5033.0;-108.3359375
0;16900;AMETHYSTS;9996;2;9995;22;;;10004;2;10005;22;;;10000.0;0.0
0;16900;STARFRUIT;5028;24;;;;;5035;24;;;;;5031.5;-109.59375
0;17000;AMETHYSTS;9996;1;9995;25;;;10004;1;10005;25;;;10000.0;0.0
0;17000;STARFRUIT;5029;1;5028;26;;;5034;1;5035;25;;;5031.5;-114.8203125
0;17100;STARFRUIT;5028;1;5027;26;;;5034;27;;;;;5031.0;-118.4921875
0;17100;AMETHYSTS;9996;1;9995;26;;;10004;1;10005;26;;;10000.0;0.0
0;17200;AMETHYSTS;9996;1;9995;27;;;10004;1;10005;27;;;10000.0;0.0
0;17200;STARFRUIT;5028;5;5027;28;;;5034;28;;;;;5031.0;-130.671875
0;17300;AMETHYSTS;9996;1;9995;27;;;10004;1;10005;27;;;10000.0;0.0
0;17300;STARFRUIT;5026;28;;;;;5031;6;5032;1;5033;27;5028.5;-154.40625
0;17400;AMETHYSTS;9995;25;;;;;9998;11;10005;25;;;9996.5;0.0
0;17400;STARFRUIT;5030;3;5026;2;5025;25;5032;25;;;;;5031.0;-158.171875
0;17500;STARFRUIT;5026;28;;;;;5033;28;;;;;5029.5;-149.390625
0;17500;AMETHYSTS;9996;2;9995;26;;;10004;2;10005;26;;;10000.0;0.0
0;17600;AMETHYSTS;9996;1;9995;29;;;10004;1;10005;29;;;10000.0;0.0
0;17600;STARFRUIT;5027;3;5026;30;;;5032;1;5033;29;;;5029.5;-155.140625
0;17700;AMETHYSTS;9998;2;9995;22;;;10005;22;;;;;10001.5;0.0
0;17700;STARFRUIT;5026;22;;;;;5033;22;;;;;5029.5;-147.7890625
0;17800;AMETHYSTS;9996;2;9995;30;;;9998;3;10002;5;10004;2;9997.0;0.0
0;17800;STARFRUIT;5026;32;;;;;5031;5;5033;32;;;5028.5;-142.15625
0;17900;STARFRUIT;5032;1;5029;2;5026;21;5033;21;;;;;5032.5;-142.875
0;17900;AMETHYSTS;9995;21;;;;;9998;1;10002;3;10005;21;9996.5;0.0
0;18000;AMETHYSTS;9995;24;;;;;10005;24;;;;;10000.0;0.0
0;18000;STARFRUIT;5026;24;;;;;5033;24;;;;;5029.5;-148.53125
0;18100;AMETHYSTS;9996;2;9995;28;;;10004;2;10005;28;;;10000.0;0.0
0;18100;STARFRUIT;5026;30;;;;;5033;30;;;;;5029.5;-148.71875
0;18200;AMETHYSTS;9996;2;9995;23;;;10002;10;10004;2;10005;23;9999.0;0.0
0;18200;STARFRUIT;5027;25;;;;;5033;2;5034;23;;;5030.0;-135.5
0;18300;STARFRUIT;5027;20;;;;;5034;20;;;;;5030.5;-131.3984375
0;18300;AMETHYSTS;9995;20;;;;;10005;20;;;;;10000.0;0.0
0;18400;AMETHYSTS;9996;1;9995;21;;;10004;1;10005;21;;;10000.0;0.0
0;18400;STARFRUIT;5032;1;5027;22;;;5033;1;5034;21;;;5032.5;-133.6953125
0;18500;AMETHYSTS;9996;2;9995;21;;;10004;2;10005;21;;;10000.0;0.0
0;18500;STARFRUIT;5027;23;;;;;5029;1;5034;23;;;5028.0;-124.2109375
0;18600;AMETHYSTS;9996;1;9995;21;;;10004;1;10005;21;;;10000.0;0.0
0;18600;STARFRUIT;5028;22;;;;;5029;9;5035;22;;;5028.5;-107.90625
0;18700;STARFRUIT;5028;30;;;;;5035;30;;;;;5031.5;-100.421875
0;18700;AMETHYSTS;10002;1;9995;30;;;10005;30;;;;;10003.5;0.0
0;18800;AMETHYSTS;9995;24;;;;;10002;7;10005;24;;;9998.5;0.0
0;18800;STARFRUIT;5028;24;;;;;5035;24;;;;;5031.5;-106.375
0;18900;AMETHYSTS;10002;1;9995;25;;;10005;25;;;;;10003.5;0.0
0;18900;STARFRUIT;5030;7;5029;25;;;5036;25;;;;;5033.0;-90.75
0;19000;AMETHYSTS;9996;1;9995;30;;;10004;1;10005;30;;;10000.0;0.0
0;19000;STARFRUIT;5029;31;;;;;5036;31;;;;;5032.5;-85.15625
0;19100;STARFRUIT;5030;2;5029;21;;;5036;23;;;;;5033.0;-77.2890625
0;19100;AMETHYSTS;9996;2;9995;21;;;10004;2;10005;21;;;10000.0;0.0
0;19200;AMETHYSTS;9995;26;;;;;10002;1;10005;26;;;9998.5;0.0
0;19200;STARFRUIT;5030;26;;;;;5037;26;;;;;5033.5;-70.171875
0;19300;AMETHYSTS;9996;2;9995;23;;;9998;6;10004;2;10005;23;9997.0;0.0
0;19300;STARFRUIT;5032;2;5031;23;;;5038;25;;;;;5035.0;-39.75
0;19400;AMETHYSTS;9996;2;9995;24;;;10002;5;10004;2;10005;24;9999.0;0.0
0;19400;STARFRUIT;5032;26;;;;;5038;2;5039;24;;;5035.0;-33.7734375
0;19500;STARFRUIT;5031;23;;;;;5038;23;;;;;5034.5;-38.953125
0;19500;AMETHYSTS;9995;23;;;;;10005;23;;;;;10000.0;0.0
0;19600;AMETHYSTS;10002;1;9998;5;9996;1;10004;1;10005;26;;;10003.0;0.0
0;19600;STARFRUIT;5032;27;;;;;5038;1;5039;26;;;5035.0;-33.421875
0;19700;AMETHYSTS;9996;2;9995;29;;;10004;2;10005;29;;;10000.0;0.0
0;19700;STARFRUIT;5032;31;;;;;5039;31;;;;;5035.5;-21.8203125
0;19800;AMETHYSTS;9996;2;9995;26;;;10004;2;10005;26;;;10000.0;0.0
0;19800;STARFRUIT;5033;2;5032;26;;;5039;28;;;;;5036.0;-17.375
0;19900;STARFRUIT;5033;1;5032;22;;;5039;23;;;;;5036.0;-18.234375
0;19900;AMETHYSTS;9996;1;9995;22;;;9998;1;10004;1;10005;22;9997.0;0.0
0;20000;AMETHYSTS;9995;26;;;;;9998;1;10005;26;;;9996.5;0.0
0;20000;STARFRUIT;5032;26;;;;;5037;4;5039;26;;;5034.5;-21.234375
0;20100;AMETHYSTS;9996;1;9995;29;;;9998;4;10004;1;10005;29;9997.0;0.0
0;20100;STARFRUIT;5033;30;;;;;5038;4;5039;1;5040;29;5035.5;-12.5703125
0;20200;AMETHYSTS;10002;1;9995;20;;;10005;20;;;;;10003.5;0.0
0;20200;STARFRUIT;5032;20;;;;;5039;20;;;;;5035.5;-21.40625
0;20300;STARFRUIT;5032;24;;;;;5039;24;;;;;5035.5;-17.6015625
0;20300;AMETHYSTS;10002;4;9995;24;;;10005;24;;;;;10003.5;0.0
0;20400;AMETHYSTS;10002;2;9996;1;9995;27;10004;1;10005;27;;;10003.0;0.0
0;20400;STARFRUIT;5032;28;;;;;5033;3;5039;28;;;5032.5;-29.2421875
0;20500;AMETHYSTS;9998;7;9996;1;9995;25;10004;1;10005;25;;;10001.0;0.0
0;20500;STARFRUIT;5032;26;;;;;5033;8;5039;26;;;5032.5;-24.0078125
0;20600;AMETHYSTS;9996;1;9995;24;;;9998;4;10002;5;10004;1;9997.0;0.0
0;20600;STARFRUIT;5033;25;;;;;5040;25;;;;;5036.5;-10.0546875
0;20700;STARFRUIT;5038;2;5034;3;5033;30;5041;30;;;;;5039.5;3.7578125
0;20700;AMETHYSTS;9995;30;;;;;10005;30;;;;;10000.0;0.0
0;20800;AMETHYSTS;9996;2;9995;24;;;10004;2;10005;24;;;10000.0;0.0
0;20800;STARFRUIT;5034;26;;;;;5040;2;5041;24;;;5037.0;6.2265625
0;20900;AMETHYSTS;9996;2;9995;29;;;10004;2;10005;29;;;10000.0;0.0
0;20900;STARFRUIT;5034;31;;;;;5035;1;5041;31;;;5034.5;14.7890625
0;21000;STARFRUIT;5034;26;;;;;5041;26;;;;;5037.5;16.3046875
0;21000;AMETHYSTS;9996;1;9995;25;;;10004;1;10005;25;;;10000.0;0.0
0;21100;STARFRUIT;5034;28;;;;;5037;2;5041;28;;;5035.5;10.7578125
0;21100;AMETHYSTS;9995;28;;;;;10000;2;10005;28;;;9997.5;0.0
0;21200;STARFRUIT;5040;1;5034;29;;;5041;29;;;;;5040.5;18.6015625
0;21200;AMETHYSTS;9995;29;;;;;9998;1;10005;29;;;9996.5;0.0
0;21300;AMETHYSTS;9995;22;;;;;10005;22;;;;;10000.0;0.0
0;21300;STARFRUIT;5034;22;;;;;5040;2;5042;22;;;5037.0;24.40625
0;21400;STARFRUIT;5035;1;5034;29;;;5041;30;;;;;5038.0;22.0078125
0;21400;AMETHYSTS;9996;1;9995;29;;;10004;1;10005;29;;;10000.0;0.0
0;21500;STARFRUIT;5034;28;;;;;5035;5;5041;30;;;5034.5;22.234375
0;21500;AMETHYSTS;9996;2;9995;28;;;10004;2;10005;28;;;10000.0;0.0
0;21600;STARFRUIT;5035;22;;;;;5042;22;;;;;5038.5;29.703125
0;21600;AMETHYSTS;9998;5;9996;2;9995;20;10004;2;10005;20;;;10001.0;0.0
0;21700;AMETHYSTS;9996;2;9995;25;;;10004;2;10005;25;;;10000.0;0.0
0;21700;STARFRUIT;5035;6;5034;25;;;5041;2;5042;25;;;5038.0;23.875
0;21800;STARFRUIT;5035;26;;;;;5042;26;;;;;5038.5;36.796875
0;21800;AMETHYSTS;9996;1;9995;25;;;10004;1;10005;25;;;10000.0;0.0
0;21900;STARFRUIT;5035;27;;;;;5042;27;;;;;5038.5;35.984375
0;21900;AMETHYSTS;9995;27;;;;;10002;3;10005;27;;;9998.5;0.0
0;22000;STARFRUIT;5035;22;;;;;5042;22;;;;;5038.5;37.2421875
0;22000;AMETHYSTS;9996;2;9995;20;;;10004;2;10005;20;;;10000.0;0.0
0;22100;AMETHYSTS;9995;22;;;;;10005;22;;;;;10000.0;0.0
0;22100;STARFRUIT;5035;22;;;;;5040;4;5042;22;;;5037.5;31.96875
0;22200;STARFRUIT;5036;3;5035;23;;;5042;23;;;;;5039.0;41.8203125
0;22200;AMETHYSTS;10002;1;9995;23;;;10005;23;;;;;10003.5;0.0
0;22300;STARFRUIT;5036;30;;;;;5043;30;;;;;5039.5;50.9921875
0;22300;AMETHYSTS;9996;2;9995;28;;;10004;2;10005;28;;;10000.0;0.0
0;22400;STARFRUIT;5036;24;;;;;5043;24;;;;;5039.5;57.7421875
0;22400;AMETHYSTS;9996;1;9995;23;;;10002;2;10004;1;10005;23;9999.0;0.0
0;22500;AMETHYSTS;9998;2;9995;27;;;10005;27;;;;;10001.5;0.0
0;22500;STARFRUIT;5041;1;5036;27;;;5043;27;;;;;5042.0;46.65625
0;22600;STARFRUIT;5042;1;5041;4;5037;4;5043;26;;;;;5042.5;57.0625
0;22600;AMETHYSTS;9998;5;9996;1;9995;25;10004;1;10005;25;;;10001.0;0.0
0;22700;STARFRUIT;5036;26;;;;;5042;1;5043;25;;;5039.0;46.09375
0;22700;AMETHYSTS;9996;1;9995;25;;;10002;9;10004;1;10005;25;9999.0;0.0
0;22800;STARFRUIT;5036;27;;;;;5043;27;;;;;5039.5;50.1796875
0;22800;AMETHYSTS;10002;1;9996;1;9995;26;10004;1;10005;26;;;10003.0;0.0
0;22900;AMETHYSTS;10002;2;9996;1;9995;22;10004;1;10005;22;;;10003.0;0.0
0;22900;STARFRUIT;5036;23;;;;;5037;1;5041;4;5043;23;5036.5;56.7734375
0;23000;STARFRUIT;5042;1;5037;1;5036;20;5043;21;;;;;5042.5;59.6875
0;23000;AMETHYSTS;9996;1;9995;20;;;10002;2;10004;1;10005;20;9999.0;0.0
0;23100;STARFRUIT;5038;7;5037;28;;;5043;2;5044;26;;;5040.5;68.2109375
0;23100;AMETHYSTS;9996;2;9995;26;;;10004;2;10005;26;;;10000.0;0.0
0;23200;AMETHYSTS;9996;1;9995;24;;;10002;4;10004;1;10005;24;9999.0;0.0
0;23200;STARFRUIT;5037;2;5036;24;;;5043;25;;;;;5040.0;61.8984375
0;23300;AMETHYSTS;9996;2;9995;21;;;10004;2;10005;21;;;10000.0;0.0
0;23300;STARFRUIT;5037;2;5036;21;;;5043;2;5044;21;;;5040.0;63.5703125
0;23400;STARFRUIT;5037;1;5036;29;;;5043;1;5044;29;;;5040.0;63.9140625
0;23400;AMETHYSTS;9996;1;9995;29;;;10004;1;10005;29;;;10000.0;0.0
0;23500;AMETHYSTS;9996;1;9995;30;;;10004;1;10005;30;;;10000.0;0.0
0;23500;STARFRUIT;5038;3;5037;31;;;5044;31;;;;;5041.0;70.609375
0;23600;AMETHYSTS;9996;2;9995;25;;;10004;2;10005;25;;;10000.0;0.0
0;23600;STARFRUIT;5037;1;5036;25;;;5043;27;;;;;5040.0;62.96875
0;23700;AMETHYSTS;9996;1;9995;20;;;10004;1;10005;20;;;10000.0;0.0
0;23700;STARFRUIT;5042;1;5037;21;;;5043;1;5044;20;;;5042.5;64.671875
0;23800;STARFRUIT;5037;22;;;;;5044;22;;;;;5040.5;65.015625
0;23800;AMETHYSTS;9995;22;;;;;10005;22;;;;;10000.0;0.0
0;23900;AMETHYSTS;9995;27;;;;;10005;27;;;;;10000.0;0.0
0;23900;STARFRUIT;5037;27;;;;;5044;27;;;;;5040.5;65.25
0;24000;AMETHYSTS;9995;29;;;;;10005;29;;;;;10000.0;0.0
0;24000;STARFRUIT;5038;6;5037;29;;;5044;29;;;;;5041.0;79.0390625
0;24100;AMETHYSTS;9996;2;9995;20;;;10004;2;10005;20;;;10000.0;0.0
0;24100;STARFRUIT;5037;22;;;;;5044;22;;;;;5040.5;77.6015625
0;24200;STARFRUIT;5038;24;;;;;5043;8;5044;1;5045;23;5040.5;86.859375
0;24200;AMETHYSTS;9996;1;9995;23;;;10002;7;10004;1;10005;23;9999.0;0.0
0;24300;AMETHYSTS;10002;1;9995;27;;;10005;27;;;;;10003.5;0.0
0;24300;STARFRUIT;5038;26;;;;;5043;5;5045;27;;;5040.5;85.5546875
0;24400;AMETHYSTS;9996;1;9995;28;;;10004;1;10005;28;;;10000.0;0.0
0;24400;STARFRUIT;5038;9;5037;28;;;5044;29;;;;;5041.0;80.59375
0;24500;AMETHYSTS;9996;2;9995;24;;;10002;10;10004;2;10005;24;9999.0;0.0
0;24500;STARFRUIT;5037;26;;;;;5044;26;;;;;5040.5;71.3125
0;24600;STARFRUIT;5038;2;5037;22;;;5044;24;;;;;5041.0;80.3359375
0;24600;AMETHYSTS;9996;2;9995;22;;;10002;10;10004;2;10005;22;9999.0;0.0
0;24700;AMETHYSTS;9996;2;9995;20;;;10004;2;10005;20;;;10000.0;0.0
0;24700;STARFRUIT;5037;22;;;;;5044;22;;;;;5040.5;74.796875
0;24800;AMETHYSTS;9995;28;;;;;10005;28;;;;;10000.0;0.0
0;24800;STARFRUIT;5037;28;;;;;5044;28;;;;;5040.5;74.78125
0;24900;AMETHYSTS;9998;7;9995;24;;;10005;24;;;;;10001.5;0.0
0;24900;STARFRUIT;5037;24;;;;;5044;24;;;;;5040.5;70.796875
0;25000;STARFRUIT;5037;28;;;;;5043;1;5044;27;;;5040.0;66.609375
0;25000;AMETHYSTS;10002;1;9996;1;9995;27;10004;1;10005;27;;;10003.0;0.0
0;25100;AMETHYSTS;9998;8;9996;1;9995;26;10004;1;10005;26;;;10001.0;0.0
0;25100;STARFRUIT;5036;27;;;;;5043;27;;;;;5039.5;59.2734375
0;25200;AMETHYSTS;9996;2;9995;24;;;10000;4;10004;2;10005;24;9998.0;0.0
0;25200;STARFRUIT;5037;6;5036;26;;;5039;4;5043;26;;;5038.0;58.78125
0;25300;STARFRUIT;5036;22;;;;;5042;1;5043;21;;;5039.0;46.3046875
0;25300;AMETHYSTS;9998;9;9996;1;9995;21;10004;1;10005;21;;;10001.0;0.0
0;25400;AMETHYSTS;10002;3;9996;2;9995;27;10004;2;10005;27;;;10003.0;0.0
0;25400;STARFRUIT;5035;29;;;;;5042;29;;;;;5038.5;39.265625
0;25500;AMETHYSTS;9996;1;9995;23;;;10004;1;10005;23;;;10000.0;0.0
0;25500;STARFRUIT;5036;1;5035;23;;;5040;6;5042;24;;;5038.0;42.0
0;25600;AMETHYSTS;9995;24;;;;;10005;24;;;;;10000.0;0.0
0;25600;STARFRUIT;5035;24;;;;;5040;6;5042;24;;;5037.5;34.5078125
0;25700;STARFRUIT;5036;1;5035;24;;;5042;1;5043;24;;;5039.0;44.2734375
0;25700;AMETHYSTS;9996;1;9995;24;;;10004;1;10005;24;;;10000.0;0.0
0;25800;AMETHYSTS;10002;1;9996;2;9995;27;10004;2;10005;27;;;10003.0;0.0
0;25800;STARFRUIT;5037;29;;;;;5043;2;5044;27;;;5040.0;64.515625
0;25900;AMETHYSTS;9996;2;9995;27;;;10004;2;10005;27;;;10000.0;0.0
0;25900;STARFRUIT;5037;29;;;;;5044;29;;;;;5040.5;71.515625
0;26000;AMETHYSTS;9995;27;;;;;10005;27;;;;;10000.0;0.0
0;26000;STARFRUIT;5042;1;5037;27;;;5044;27;;;;;5043.0;68.0703125
0;26100;STARFRUIT;5042;1;5038;2;5037;25;5043;1;5044;24;;;5042.5;66.453125
0;26100;AMETHYSTS;10002;1;9998;3;9996;1;10004;1;10005;24;;;10003.0;0.0
0;26200;AMETHYSTS;10002;1;9996;2;9995;27;10004;2;10005;27;;;10003.0;0.0
0;26200;STARFRUIT;5037;29;;;;;5043;2;5044;27;;;5040.0;66.1015625
0;26300;AMETHYSTS;9996;1;9995;25;;;10002;1;10004;1;10005;25;9999.0;0.0
0;26300;STARFRUIT;5037;26;;;;;5038;1;5044;26;;;5037.5;78.09375
0;26400;AMETHYSTS;9995;27;;;;;10005;27;;;;;10000.0;0.0
0;26400;STARFRUIT;5037;27;;;;;5044;27;;;;;5040.5;83.1796875
0;26500;STARFRUIT;5038;22;;;;;5044;1;5045;21;;;5041.0;88.28125
0;26500;AMETHYSTS;9996;1;9995;21;;;10004;1;10005;21;;;10000.0;0.0
0;26600;AMETHYSTS;9996;2;9995;29;;;9998;4;10004;2;10005;29;9997.0;0.0
0;26600;STARFRUIT;5037;31;;;;;5044;31;;;;;5040.5;75.375
0;26700;AMETHYSTS;9995;26;;;;;10005;26;;;;;10000.0;0.0
0;26700;STARFRUIT;5042;1;5038;8;5037;26;5044;26;;;;;5043.0;72.9765625
0;26800;AMETHYSTS;10002;1;9998;7;9995;20;10005;20;;;;;10003.5;0.0
0;26800;STARFRUIT;5037;20;;;;;5044;20;;;;;5040.5;75.890625
0;26900;STARFRUIT;5037;22;;;;;5044;22;;;;;5040.5;77.734375
0;26900;AMETHYSTS;9995;22;;;;;10005;22;;;;;10000.0;0.0
0;27000;AMETHYSTS;9998;2;9996;1;9995;26;10004;1;10005;26;;;10001.0;0.0
0;27000;STARFRUIT;5037;27;;;;;5042;6;5044;27;;;5039.5;70.796875
0;27100;AMETHYSTS;9996;2;9995;27;;;9998;1;10002;10;10004;2;9997.0;0.0
0;27100;STARFRUIT;5043;1;5037;29;;;5044;29;;;;;5043.5;77.0390625
0;27200;AMETHYSTS;9998;3;9996;2;9995;23;10004;2;10005;23;;;10001.0;0.0
0;27200;STARFRUIT;5042;1;5038;7;5037;25;5043;2;5044;23;;;5042.5;68.4140625
0;27300;STARFRUIT;5037;25;;;;;5038;1;5044;25;;;5037.5;82.4375
0;27300;AMETHYSTS;9995;25;;;;;10002;8;10005;25;;;9998.5;0.0
0;27400;AMETHYSTS;9996;1;9995;22;;;9998;3;10004;1;10005;22;9997.0;0.0
0;27400;STARFRUIT;5041;6;5039;1;5038;22;5045;23;;;;;5043.0;99.4765625
0;27500;AMETHYSTS;9995;30;;;;;10005;30;;;;;10000.0;0.0
0;27500;STARFRUIT;5038;30;;;;;5045;30;;;;;5041.5;96.015625
0;27600;AMETHYSTS;9996;2;9995;26;;;10002;4;10004;2;10005;26;9999.0;0.0
0;27600;STARFRUIT;5043;1;5039;6;5038;28;5045;28;;;;;5044.0;91.84375
0;27700;STARFRUIT;5038;32;;;;;5045;32;;;;;5041.5;93.6875
0;27700;AMETHYSTS;9996;2;9995;30;;;10004;2;10005;30;;;10000.0;0.0
0;27800;AMETHYSTS;9998;2;9996;2;9995;20;10004;2;10005;20;;;10001.0;0.0
0;27800;STARFRUIT;5039;5;5038;22;;;5044;2;5045;20;;;5041.5;84.96875
0;27900;AMETHYSTS;9995;29;;;;;10005;29;;;;;10000.0;0.0
0;27900;STARFRUIT;5038;29;;;;;5043;8;5045;29;;;5040.5;96.9375
0;28000;AMETHYSTS;9995;22;;;;;10005;22;;;;;10000.0;0.0
0;28000;STARFRUIT;5039;4;5038;22;;;5045;22;;;;;5042.0;93.1796875
0;28100;STARFRUIT;5039;21;;;;;5046;21;;;;;5042.5;111.546875
0;28100;AMETHYSTS;9996;1;9995;20;;;10004;1;10005;20;;;10000.0;0.0
0;28200;AMETHYSTS;9995;23;;;;;10005;23;;;;;10000.0;0.0
0;28200;STARFRUIT;5039;23;;;;;5046;23;;;;;5042.5;110.234375
0;28300;AMETHYSTS;9996;2;9995;28;;;10004;2;10005;28;;;10000.0;0.0
0;28300;STARFRUIT;5039;30;;;;;5045;2;5046;28;;;5042.0;106.78125
0;28400;AMETHYSTS;9995;20;;;;;10002;8;10005;20;;;9998.5;0.0
0;28400;STARFRUIT;5039;20;;;;;5046;20;;;;;5042.5;109.4375
0;28500;STARFRUIT;5039;5;5038;28;;;5045;30;;;;;5042.0;101.3515625
0;28500;AMETHYSTS;9996;2;9995;28;;;10004;2;10005;28;;;10000.0;0.0
0;28600;AMETHYSTS;9996;2;9995;26;;;10000;5;10002;5;10004;2;9998.0;0.0
0;28600;STARFRUIT;5039;27;;;;;5042;5;5045;2;5046;26;5040.5;106.2578125
0;28700;AMETHYSTS;9998;8;9996;2;9995;22;10004;2;10005;22;;;10001.0;0.0
0;28700;STARFRUIT;5039;23;;;;;5045;2;5046;22;;;5042.0;106.4375
0;28800;AMETHYSTS;9995;21;;;;;10002;8;10005;21;;;9998.5;0.0
0;28800;STARFRUIT;5038;21;;;;;5046;21;;;;;5042.0;103.703125
0;28900;STARFRUIT;5040;1;5039;23;;;5045;1;5046;22;;;5042.5;107.40625
0;28900;AMETHYSTS;9996;1;9995;22;;;10002;5;10004;1;10005;22;9999.0;0.0
0;29000;AMETHYSTS;10002;1;9996;2;9995;24;10004;2;10005;24;;;10003.0;0.0
0;29000;STARFRUIT;5039;26;;;;;5045;2;5046;24;;;5042.0;107.921875
0;29100;AMETHYSTS;9995;23;;;;;10002;2;10005;23;;;9998.5;0.0
0;29100;STARFRUIT;5039;23;;;;;5046;23;;;;;5042.5;106.90625
0;29200;AMETHYSTS;9996;1;9995;22;;;10004;1;10005;22;;;10000.0;0.0
0;29200;STARFRUIT;5040;1;5039;22;;;5046;23;;;;;5043.0;121.4609375
0;29300;STARFRUIT;5040;23;;;;;5046;1;5047;22;;;5043.0;127.1328125
0;29300;AMETHYSTS;9996;1;9995;22;;;10004;1;10005;22;;;10000.0;0.0
0;29400;AMETHYSTS;9996;2;9995;23;;;10002;4;10004;2;10005;23;9999.0;0.0
0;29400;STARFRUIT;5039;25;;;;;5046;25;;;;;5042.5;116.5625
0;29500;AMETHYSTS;9998;6;9995;20;;;10005;20;;;;;10001.5;0.0
0;29500;STARFRUIT;5039;20;;;;;5040;1;5046;20;;;5039.5;121.3125
0;29600;AMETHYSTS;9996;1;9995;26;;;10000;4;10004;1;10005;26;9998.0;0.0
0;29600;STARFRUIT;5040;1;5039;26;;;5042;4;5046;27;;;5041.0;120.2578125
0;29700;STARFRUIT;5040;23;;;;;5045;8;5046;1;5047;22;5042.5;124.5625
0;29700;AMETHYSTS;9996;1;9995;22;;;10002;7;10004;1;10005;22;9999.0;0.0
0;29800;STARFRUIT;5045;1;5040;4;5039;25;5047;25;;;;;5046.0;123.890625
0;29800;AMETHYSTS;9995;25;;;;;10005;25;;;;;10000.0;0.0
0;29900;AMETHYSTS;9996;2;9995;30;;;10004;2;10005;30;;;10000.0;0.0
0;29900;STARFRUIT;5040;32;;;;;5047;32;;;;;5043.5;135.84375
0;30000;STARFRUIT;5041;6;5040;23;;;5047;25;;;;;5044.0;140.375
0;30000;AMETHYSTS;9998;10;9996;2;9995;23;10004;2;10005;23;;;10001.0;0.0
0;30100;STARFRUIT;5041;1;5040;20;;;5047;21;;;;;5044.0;140.578125
0;30100;AMETHYSTS;9996;1;9995;20;;;10004;1;10005;20;;;10000.0;0.0
0;30200;STARFRUIT;5041;30;;;;;5048;30;;;;;5044.5;149.21875
0;30200;AMETHYSTS;9996;2;9995;28;;;9998;1;10002;8;10004;2;9997.0;0.0
0;30300;AMETHYSTS;10002;4;9996;2;9995;29;10004;2;10005;29;;;10003.0;0.0
0;30300;STARFRUIT;5041;31;;;;;5046;1;5047;2;5048;29;5043.5;145.59375
0;30400;STARFRUIT;5045;2;5040;30;;;5047;30;;;;;5046.0;134.5859375
0;30400;AMETHYSTS;9995;30;;;;;10005;30;;;;;10000.0;0.0
0;30500;STARFRUIT;5040;7;5039;28;;;5046;30;;;;;5043.0;122.203125
0;30500;AMETHYSTS;9996;2;9995;28;;;10004;2;10005;28;;;10000.0;0.0
0;30600;STARFRUIT;5040;32;;;;;5045;7;5046;2;5047;30;5042.5;125.5625
0;30600;AMETHYSTS;10002;1;9996;2;9995;30;10004;2;10005;30;;;10003.0;0.0
0;30700;AMETHYSTS;9996;2;9995;27;;;10004;2;10005;27;;;10000.0;0.0
0;30700;STARFRUIT;5039;29;;;;;5046;29;;;;;5042.5;117.8359375
0;30800;STARFRUIT;5039;2;5038;29;;;5045;31;;;;;5042.0;103.1015625
0;30800;AMETHYSTS;9998;8;9996;2;9995;29;10004;2;10005;29;;;10001.0;0.0
0;30900;STARFRUIT;5038;21;;;;;5043;7;5045;21;;;5040.5;101.8125
0;30900;AMETHYSTS;9995;21;;;;;10005;21;;;;;10000.0;0.0
0;31000;STARFRUIT;5043;1;5042;5;5038;28;5045;28;;;;;5044.0;90.8671875
0;31000;AMETHYSTS;9996;2;9995;26;;;10002;2;10004;2;10005;26;9999.0;0.0
0;31100;AMETHYSTS;10002;1;9995;23;;;10005;23;;;;;10003.5;0.0
0;31100;STARFRUIT;5038;23;;;;;5039;9;5045;23;;;5038.5;92.421875
0;31200;STARFRUIT;5037;21;;;;;5042;8;5044;22;;;5039.5;81.6953125
0;31200;AMETHYSTS;9996;1;9995;21;;;10002;6;10004;1;10005;21;9999.0;0.0
0;31300;STARFRUIT;5038;22;;;;;5044;2;5045;20;;;5041.0;85.8359375
0;31300;AMETHYSTS;9996;2;9995;20;;;10004;2;10005;20;;;10000.0;0.0
0;31400;STARFRUIT;5038;22;;;;;5045;22;;;;;5041.5;91.9296875
0;31400;AMETHYSTS;9995;22;;;;;10005;22;;;;;10000.0;0.0
0;31500;AMETHYSTS;9996;1;9995;21;;;10004;1;10005;21;;;10000.0;0.0
0;31500;STARFRUIT;5038;22;;;;;5045;22;;;;;5041.5;92.453125
0;31600;STARFRUIT;5039;24;;;;;5046;24;;;;;5042.5;109.484375
0;31600;AMETHYSTS;9995;24;;;;;9998;3;10005;24;;;9996.5;0.0
0;31700;STARFRUIT;5038;29;;;;;5045;29;;;;;5041.5;99.875
0;31700;AMETHYSTS;9995;29;;;;;10002;3;10005;29;;;9998.5;0.0
0;31800;STARFRUIT;5043;2;5038;24;;;5045;24;;;;;5044.0;94.6640625
0;31800;AMETHYSTS;9996;2;9995;22;;;10002;2;10004;2;10005;22;9999.0;0.0
0;31900;AMETHYSTS;9996;2;9995;26;;;10004;2;10005;26;;;10000.0;0.0
0;31900;STARFRUIT;5039;6;5038;28;;;5045;28;;;;;5042.0;96.3125
0;32000;STARFRUIT;5038;22;;;;;5045;22;;;;;5041.5;90.703125
0;32000;AMETHYSTS;9996;2;9995;20;;;10002;10;10004;2;10005;20;9999.0;0.0
0;32100;AMETHYSTS;9998;9;9995;25;;;10005;25;;;;;10001.5;0.0
0;32100;STARFRUIT;5037;25;;;;;5044;25;;;;;5040.5;79.578125
0;32200;AMETHYSTS;9996;1;9995;24;;;10002;5;10004;1;10005;24;9999.0;0.0
0;32200;STARFRUIT;5037;25;;;;;5044;25;;;;;5040.5;76.078125
0;32300;AMETHYSTS;10000;3;9996;2;9995;30;10004;2;10005;30;;;10002.0;0.0
0;32300;STARFRUIT;5040;3;5038;2;5037;30;5044;32;;;;;5042.0;81.53125
0;32400;STARFRUIT;5037;29;;;;;5044;29;;;;;5040.5;75.328125
0;32400;AMETHYSTS;9998;2;9995;29;;;10005;29;;;;;10001.5;0.0
0;32500;AMETHYSTS;10002;1;9996;2;9995;24;10004;2;10005;24;;;10003.0;0.0
0;32500;STARFRUIT;5038;1;5037;26;;;5043;2;5044;24;;;5040.5;64.84375
0;32600;AMETHYSTS;9998;1;9996;2;9995;26;10004;2;10005;26;;;10001.0;0.0
0;32600;STARFRUIT;5037;28;;;;;5044;28;;;;;5040.5;73.0546875
0;32700;AMETHYSTS;9996;2;9995;30;;;10004;2;10005;30;;;10000.0;0.0
0;32700;STARFRUIT;5038;32;;;;;5044;2;5045;30;;;5041.0;86.7265625
0;32800;STARFRUIT;5038;29;;;;;5045;29;;;;;5041.5;89.1640625
0;32800;AMETHYSTS;9995;29;;;;;10005;29;;;;;10000.0;0.0
0;32900;AMETHYSTS;9996;1;9995;20;;;10002;10;10004;1;10005;20;9999.0;0.0
0;32900;STARFRUIT;5038;1;5037;20;;;5044;21;;;;;5041.0;80.015625
0;33000;AMETHYSTS;9998;2;9995;28;;;10005;28;;;;;10001.5;0.0
0;33000;STARFRUIT;5037;28;;;;;5042;4;5044;28;;;5039.5;83.0234375
0;33100;AMETHYSTS;9996;1;9995;25;;;10004;1;10005;25;;;10000.0;0.0
0;33100;STARFRUIT;5037;26;;;;;5044;26;;;;;5040.5;78.8125
0;33200;STARFRUIT;5038;24;;;;;5043;5;5044;1;5045;23;5040.5;87.8984375
0;33200;AMETHYSTS;9996;1;9995;23;;;10004;1;10005;23;;;10000.0;0.0
0;33300;AMETHYSTS;9996;1;9995;30;;;10002;1;10004;1;10005;30;9999.0;0.0
0;33300;STARFRUIT;5038;31;;;;;5045;31;;;;;5041.5;91.859375
0;33400;AMETHYSTS;9995;20;;;;;10005;20;;;;;10000.0;0.0
0;33400;STARFRUIT;5037;20;;;;;5042;2;5044;20;;;5039.5;81.53125
0;33500;AMETHYSTS;9996;2;9995;21;;;10002;4;10004;2;10005;21;9999.0;0.0
0;33500;STARFRUIT;5038;2;5037;21;;;5044;23;;;;;5041.0;82.15625
0;33600;STARFRUIT;5037;27;;;;;5044;27;;;;;5040.5;66.84375
0;33600;AMETHYSTS;9995;27;;;;;9998;2;10005;27;;;9996.5;0.0
0;33700;AMETHYSTS;9996;1;9995;25;;;10004;1;10005;25;;;10000.0;0.0
0;33700;STARFRUIT;5037;1;5036;25;;;5041;6;5043;26;;;5039.0;59.9765625
0;33800;AMETHYSTS;9995;21;;;;;10002;4;10005;21;;;9998.5;0.0
0;33800;STARFRUIT;5036;21;;;;;5043;21;;;;;5039.5;50.3125
0;33900;AMETHYSTS;9996;1;9995;27;;;10004;1;10005;27;;;10000.0;0.0
0;33900;STARFRUIT;5035;28;;;;;5042;28;;;;;5038.5;38.7734375
0;34000;STARFRUIT;5041;1;5036;2;5035;28;5042;30;;;;;5041.5;42.109375
0;34000;AMETHYSTS;9996;2;9995;28;;;10004;2;10005;28;;;10000.0;0.0
0;34100;AMETHYSTS;9996;2;9995;25;;;10004;2;10005;25;;;10000.0;0.0
0;34100;STARFRUIT;5036;2;5035;25;;;5042;27;;;;;5039.0;40.015625
0;34200;AMETHYSTS;9996;2;9995;30;;;10002;2;10004;2;10005;30;9999.0;0.0
0;34200;STARFRUIT;5036;32;;;;;5043;32;;;;;5039.5;59.171875
0;34300;STARFRUIT;5036;28;;;;;5043;29;;;;;5039.5;52.953125
0;34300;AMETHYSTS;9996;1;9995;28;;;10004;1;10005;28;;;10000.0;0.0
0;34400;AMETHYSTS;9996;2;9995;28;;;10004;2;10005;28;;;10000.0;0.0
0;34400;STARFRUIT;5036;30;;;;;5043;30;;;;;5039.5;56.140625
0;34500;AMETHYSTS;9996;2;9995;22;;;10004;2;10005;22;;;10000.0;0.0
0;34500;STARFRUIT;5037;24;;;;;5044;24;;;;;5040.5;71.90625
0;34600;AMETHYSTS;9995;24;;;;;10005;24;;;;;10000.0;0.0
0;34600;STARFRUIT;5037;24;;;;;5044;24;;;;;5040.5;64.6640625
0;34700;STARFRUIT;5037;7;5036;25;;;5043;25;;;;;5040.0;56.6875
0;34700;AMETHYSTS;9996;2;9995;23;;;10004;2;10005;23;;;10000.0;0.0
0;34800;AMETHYSTS;9998;3;9996;2;9995;22;10004;2;10005;22;;;10001.0;0.0
0;34800;STARFRUIT;5036;22;;;;;5037;8;5043;24;;;5036.5;60.328125
0;34900;AMETHYSTS;9995;24;;;;;10005;24;;;;;10000.0;0.0
0;34900;STARFRUIT;5037;24;;;;;5044;24;;;;;5040.5;71.6875
0;35000;AMETHYSTS;9995;29;;;;;10005;29;;;;;10000.0;0.0
0;35000;STARFRUIT;5037;29;;;;;5044;29;;;;;5040.5;72.046875
0;35100;STARFRUIT;5037;23;;;;;5044;23;;;;;5040.5;69.5859375
0;35100;AMETHYSTS;9996;2;9995;21;;;10004;2;10005;21;;;10000.0;0.0
0;35200;AMETHYSTS;9995;24;;;;;10005;24;;;;;10000.0;0.0
0;35200;STARFRUIT;5037;24;;;;;5042;3;5044;24;;;5039.5;74.078125
0;35300;AMETHYSTS;9998;8;9996;1;9995;22;10004;1;10005;22;;;10001.0;0.0
0;35300;STARFRUIT;5038;8;5037;23;;;5044;23;;;;;5041.0;71.3515625
0;35400;AMETHYSTS;10002;1;9996;2;9995;25;10004;2;10005;25;;;10003.0;0.0
0;35400;STARFRUIT;5037;27;;;;;5044;27;;;;;5040.5;79.1484375
0;35500;STARFRUIT;5037;29;;;;;5044;29;;;;;5040.5;71.1171875
0;35500;AMETHYSTS;9996;2;9995;27;;;10004;2;10005;27;;;10000.0;0.0
0;35600;AMETHYSTS;9996;1;9995;23;;;10002;3;10004;1;10005;23;9999.0;0.0
0;35600;STARFRUIT;5038;1;5037;23;;;5044;24;;;;;5041.0;80.46875
0;35700;AMETHYSTS;9996;2;9995;29;;;10002;9;10004;2;10005;29;9999.0;0.0
0;35700;STARFRUIT;5037;31;;;;;5044;31;;;;;5040.5;79.1640625
0;35800;AMETHYSTS;9996;2;9995;21;;;10004;2;10005;21;;;10000.0;0.0
0;35800;STARFRUIT;5037;8;5036;21;;;5043;2;5044;21;;;5040.0;64.0078125
0;35900;STARFRUIT;5036;30;;;;;5043;30;;;;;5039.5;50.75
0;35900;AMETHYSTS;9996;2;9995;28;;;10004;2;10005;28;;;10000.0;0.0
0;36000;AMETHYSTS;9995;30;;;;;10000;2;10002;9;10005;30;9997.5;0.0
0;36000;STARFRUIT;5036;30;;;;;5039;2;5041;2;5043;30;5037.5;50.703125
0;36100;AMETHYSTS;9998;7;9996;2;9995;21;10004;2;10005;21;;;10001.0;0.0
0;36100;STARFRUIT;5036;23;;;;;5041;6;5043;23;;;5038.5;52.6875
0;36200;AMETHYSTS;9998;5;9996;1;9995;29;10004;1;10005;29;;;10001.0;0.0
0;36200;STARFRUIT;5036;1;5035;29;;;5042;30;;;;;5039.0;40.8046875
0;36300;STARFRUIT;5035;31;;;;;5042;31;;;;;5038.5;39.078125
0;36300;AMETHYSTS;9996;1;9995;30;;;10004;1;10005;30;;;10000.0;0.0
0;36400;AMETHYSTS;9996;1;9995;28;;;10002;8;10004;1;10005;28;9999.0;0.0
0;36400;STARFRUIT;5036;2;5035;28;;;5042;29;;;;;5039.0;41.171875
0;36500;AMETHYSTS;9996;2;9995;27;;;10004;2;10005;27;;;10000.0;0.0
0;36500;STARFRUIT;5035;28;;;;;5042;29;;;;;5038.5;34.1640625
0;36600;AMETHYSTS;9996;1;9995;30;;;10000;2;10004;1;10005;30;9998.0;0.0
0;36600;STARFRUIT;5035;31;;;;;5038;2;5042;31;;;5036.5;28.9609375
0;36700;STARFRUIT;5035;22;;;;;5042;22;;;;;5038.5;32.96875
0;36700;AMETHYSTS;10002;1;9996;1;9995;21;10004;1;10005;21;;;10003.0;0.0
0;36800;AMETHYSTS;9996;2;9995;23;;;10004;2;10005;23;;;10000.0;0.0
0;36800;STARFRUIT;5035;25;;;;;5042;25;;;;;5038.5;38.1328125
0;36900;AMETHYSTS;9998;6;9995;22;;;10005;22;;;;;10001.5;0.0
0;36900;STARFRUIT;5035;22;;;;;5042;22;;;;;5038.5;37.8203125
0;37000;AMETHYSTS;9996;2;9995;20;;;10004;2;10005;20;;;10000.0;0.0
0;37000;STARFRUIT;5036;2;5035;20;;;5042;22;;;;;5039.0;40.359375
0;37100;STARFRUIT;5039;5;5036;24;;;5043;24;;;;;5041.0;45.1640625
0;37100;AMETHYSTS;10000;5;9995;24;;;10005;24;;;;;10002.5;0.0
0;37200;AMETHYSTS;9996;2;9995;27;;;10004;2;10005;27;;;10000.0;0.0
0;37200;STARFRUIT;5037;2;5036;27;;;5043;29;;;;;5040.0;62.03125
0;37300;AMETHYSTS;9996;1;9995;22;;;10004;1;10005;22;;;10000.0;0.0
0;37300;STARFRUIT;5037;23;;;;;5042;4;5044;23;;;5039.5;74.8203125
0;37400;AMETHYSTS;9995;22;;;;;10005;22;;;;;10000.0;0.0
0;37400;STARFRUIT;5038;4;5037;22;;;5044;22;;;;;5041.0;81.34375
0;37500;STARFRUIT;5040;5;5037;31;;;5044;31;;;;;5042.0;79.2265625
0;37500;AMETHYSTS;10000;5;9996;1;9995;30;10004;1;10005;30;;;10002.0;0.0
0;37600;AMETHYSTS;9996;1;9995;24;;;10004;1;10005;24;;;10000.0;0.0
0;37600;STARFRUIT;5037;25;;;;;5042;5;5044;25;;;5039.5;73.96875
0;37700;AMETHYSTS;10002;1;9995;20;;;10005;20;;;;;10003.5;0.0
0;37700;STARFRUIT;5037;20;;;;;5044;20;;;;;5040.5;65.71875
0;37800;AMETHYSTS;9996;2;9995;23;;;10004;2;10005;23;;;10000.0;0.0
0;37800;STARFRUIT;5037;25;;;;;5043;2;5044;23;;;5040.0;67.3984375
0;37900;STARFRUIT;5038;29;;;;;5044;2;5045;27;;;5041.0;85.984375
0;37900;AMETHYSTS;9996;2;9995;27;;;10004;2;10005;27;;;10000.0;0.0
0;38000;AMETHYSTS;9998;3;9995;30;;;10005;30;;;;;10001.5;0.0
0;38000;STARFRUIT;5038;30;;;;;5045;30;;;;;5041.5;90.46875
0;38100;AMETHYSTS;9998;4;9996;1;9995;28;10004;1;10005;28;;;10001.0;0.0
0;38100;STARFRUIT;5038;29;;;;;5043;4;5045;29;;;5040.5;89.296875
0;38200;AMETHYSTS;9998;4;9996;2;9995;29;10004;2;10005;29;;;10001.0;0.0
0;38200;STARFRUIT;5039;2;5038;29;;;5045;31;;;;;5042.0;103.4140625
0;38300;STARFRUIT;5040;5;5039;22;;;5046;22;;;;;5043.0;112.875
0;38300;AMETHYSTS;9995;22;;;;;10005;22;;;;;10000.0;0.0
0;38400;AMETHYSTS;9996;2;9995;29;;;10004;2;10005;29;;;10000.0;0.0
0;38400;STARFRUIT;5039;31;;;;;5040;4;5046;31;;;5039.5;111.21875
0;38500;AMETHYSTS;9996;2;9995;22;;;10004;2;10005;22;;;10000.0;0.0
0;38500;STARFRUIT;5038;24;;;;;5045;24;;;;;5041.5;95.2109375
0;38600;STARFRUIT;5038;31;;;;;5044;2;5045;29;;;5041.0;88.28125
0;38600;AMETHYSTS;10002;1;9996;2;9995;29;10004;2;10005;29;;;10003.0;0.0
0;38700;STARFRUIT;5038;1;5037;20;;;5044;22;;;;;5041.0;80.390625
0;38700;AMETHYSTS;9996;2;9995;20;;;10004;2;10005;20;;;10000.0;0.0
0;38800;STARFRUIT;5038;27;;;;;5043;2;5044;2;5045;25;5040.5;88.2109375
0;38800;AMETHYSTS;9996;2;9995;25;;;10004;2;10005;25;;;10000.0;0.0
0;38900;AMETHYSTS;9996;2;9995;23;;;10004;2;10005;23;;;10000.0;0.0
0;38900;STARFRUIT;5038;25;;;;;5045;25;;;;;5041.5;92.6015625
0;39000;STARFRUIT;5039;1;5038;23;;;5041;3;5044;6;5045;1;5040.0;103.6875
0;39000;AMETHYSTS;9996;1;9995;23;;;10000;3;10004;1;10005;23;9998.0;0.0
0;39100;STARFRUIT;5039;8;5038;30;;;5045;30;;;;;5042.0;99.03125
0;39100;AMETHYSTS;9996;2;9995;28;;;9998;3;10004;2;10005;28;9997.0;0.0
0;39200;STARFRUIT;5039;5;5038;21;;;5041;4;5045;21;;;5040.0;102.0390625
0;39200;AMETHYSTS;9995;21;;;;;10000;4;10005;21;;;9997.5;0.0
0;39300;AMETHYSTS;9995;24;;;;;10005;24;;;;;10000.0;0.0
0;39300;STARFRUIT;5038;24;;;;;5045;24;;;;;5041.5;94.125
0;39400;STARFRUIT;5038;21;;;;;5045;21;;;;;5041.5;87.296875
0;39400;AMETHYSTS;9995;21;;;;;10005;21;;;;;10000.0;0.0
0;39500;STARFRUIT;5038;29;;;;;5043;3;5045;29;;;5040.5;91.5
0;39500;AMETHYSTS;9995;29;;;;;10005;29;;;;;10000.0;0.0
0;39600;STARFRUIT;5038;31;;;;;5045;31;;;;;5041.5;92.5859375
0;39600;AMETHYSTS;9996;1;9995;30;;;10004;1;10005;30;;;10000.0;0.0
0;39700;AMETHYSTS;9996;1;9995;29;;;10000;6;10004;1;10005;29;9998.0;0.0
0;39700;STARFRUIT;5038;29;;;;;5041;6;5045;30;;;5039.5;101.1015625
0;39800;STARFRUIT;5038;24;;;;;5044;2;5045;22;;;5041.0;88.03125
0;39800;AMETHYSTS;9996;2;9995;22;;;9998;1;10004;2;10005;22;9997.0;0.0
0;39900;STARFRUIT;5038;29;;;;;5043;7;5045;29;;;5040.5;90.84375
0;39900;AMETHYSTS;9998;10;9996;1;9995;28;10004;1;10005;28;;;10001.0;0.0
0;40000;STARFRUIT;5037;26;;;;;5044;26;;;;;5040.5;76.375
0;40000;AMETHYSTS;10002;11;9996;1;9995;25;10004;1;10005;25;;;10003.0;0.0
0;40100;AMETHYSTS;9995;30;;;;;10005;30;;;;;10000.0;0.0
0;40100;STARFRUIT;5037;30;;;;;5042;4;5044;30;;;5039.5;74.046875
0;40200;STARFRUIT;5037;25;;;;;5044;25;;;;;5040.5;70.4921875
0;40200;AMETHYSTS;9996;1;9995;24;;;10002;7;10004;1;10005;24;9999.0;0.0
0;40300;STARFRUIT;5037;1;5036;29;;;5043;30;;;;;5040.0;61.90625
0;40300;AMETHYSTS;10002;4;9996;1;9995;29;10004;1;10005;29;;;10003.0;0.0
0;40400;STARFRUIT;5037;25;;;;;5043;2;5044;23;;;5040.0;67.9921875
0;40400;AMETHYSTS;9996;2;9995;23;;;10004;2;10005;23;;;10000.0;0.0
0;40500;AMETHYSTS;9996;1;9995;21;;;10004;1;10005;21;;;10000.0;0.0
0;40500;STARFRUIT;5037;22;;;;;5044;22;;;;;5040.5;70.71875
0;40600;STARFRUIT;5037;28;;;;;5045;28;;;;;5041.0;84.125
0;40600;AMETHYSTS;10002;1;9995;28;;;10005;28;;;;;10003.5;0.0
0;40700;STARFRUIT;5044;1;5039;6;5038;30;5045;30;;;;;5044.5;94.25
0;40700;AMETHYSTS;9998;10;9996;1;9995;29;10004;1;10005;29;;;10001.0;0.0
0;40800;STARFRUIT;5038;21;;;;;5045;21;;;;;5041.5;96.34375
0;40800;AMETHYSTS;9995;21;;;;;10005;21;;;;;10000.0;0.0
0;40900;AMETHYSTS;9998;2;9995;25;;;10005;25;;;;;10001.5;0.0
0;40900;STARFRUIT;5040;3;5039;25;;;5046;25;;;;;5043.0;109.390625
0;41000;STARFRUIT;5039;21;;;;;5042;2;5044;7;5045;1;5040.5;108.4609375
0;41000;AMETHYSTS;9998;10;9996;1;9995;20;10000;2;10004;1;10005;20;9999.0;0.0
0;41100;AMETHYSTS;9996;2;9995;23;;;10004;2;10005;23;;;10000.0;0.0
0;41100;STARFRUIT;5038;25;;;;;5045;25;;;;;5041.5;97.703125
0;41200;AMETHYSTS;9995;20;;;;;10005;20;;;;;10000.0;0.0
0;41200;STARFRUIT;5038;20;;;;;5046;20;;;;;5042.0;103.546875
0;41300;AMETHYSTS;9995;27;;;;;10005;27;;;;;10000.0;0.0
0;41300;STARFRUIT;5039;8;5038;27;;;5045;27;;;;;5042.0;98.0703125
0;41400;STARFRUIT;5039;30;;;;;5046;30;;;;;5042.5;111.859375
0;41400;AMETHYSTS;9996;1;9995;29;;;10004;1;10005;29;;;10000.0;0.0
0;41500;AMETHYSTS;9996;2;9995;29;;;10004;2;10005;29;;;10000.0;0.0
0;41500;STARFRUIT;5039;9;5038;29;;;5045;31;;;;;5042.0;102.7890625
0;41600;AMETHYSTS;9995;26;;;;;10005;26;;;;;10000.0;0.0
0;41600;STARFRUIT;5038;26;;;;;5045;26;;;;;5041.5;99.3515625
0;41700;AMETHYSTS;9995;23;;;;;10005;23;;;;;10000.0;0.0
0;41700;STARFRUIT;5042;2;5038;23;;;5045;23;;;;;5043.5;91.5859375
0;41800;STARFRUIT;5038;21;;;;;5044;1;5045;21;;;5041.0;87.03125
0;41800;AMETHYSTS;9996;1;9995;21;;;10004;1;10005;21;;;10000.0;0.0
0;41900;AMETHYSTS;9995;28;;;;;10002;8;10005;28;;;9998.5;0.0
0;41900;STARFRUIT;5038;28;;;;;5045;28;;;;;5041.5;92.2109375
0;42000;AMETHYSTS;9996;1;9995;27;;;9998;1;10004;1;10005;27;9997.0;0.0
0;42000;STARFRUIT;5038;1;5037;27;;;5044;28;;;;;5041.0;82.828125
0;42100;AMETHYSTS;10002;2;9995;22;;;10005;22;;;;;10003.5;0.0
0;42100;STARFRUIT;5039;7;5038;22;;;5045;22;;;;;5042.0;87.8125
0;42200;STARFRUIT;5038;22;;;;;5045;22;;;;;5041.5;101.8203125
0;42200;AMETHYSTS;9995;22;;;;;10005;22;;;;;10000.0;0.0
0;42300;AMETHYSTS;9996;2;9995;20;;;10004;2;10005;20;;;10000.0;0.0
0;42300;STARFRUIT;5039;22;;;;;5045;2;5046;20;;;5042.0;106.6953125
0;42400;AMETHYSTS;9996;2;9995;26;;;10002;2;10004;2;10005;26;9999.0;0.0
0;42400;STARFRUIT;5038;28;;;;;5045;28;;;;;5041.5;94.109375
0;42500;AMETHYSTS;9995;24;;;;;10005;24;;;;;10000.0;0.0
0;42500;STARFRUIT;5038;24;;;;;5043;2;5045;24;;;5040.5;92.9140625
0;42600;STARFRUIT;5043;1;5038;28;;;5045;28;;;;;5044.0;88.2265625
0;42600;AMETHYSTS;9995;28;;;;;10005;28;;;;;10000.0;0.0
0;42700;AMETHYSTS;9996;1;9995;23;;;10004;1;10005;23;;;10000.0;0.0
0;42700;STARFRUIT;5038;24;;;;;5044;1;5045;23;;;5041.0;87.9140625
0;42800;AMETHYSTS;9995;29;;;;;10000;2;10005;29;;;9997.5;0.0
0;42800;STARFRUIT;5038;29;;;;;5041;2;5045;29;;;5039.5;88.8515625
0;42900;AMETHYSTS;10002;5;9995;20;;;10005;20;;;;;10003.5;0.0
0;42900;STARFRUIT;5038;20;;;;;5045;20;;;;;5041.5;91.171875
0;43000;STARFRUIT;5038;27;;;;;5045;27;;;;;5041.5;90.5546875
0;43000;AMETHYSTS;9996;1;9995;26;;;10002;6;10004;1;10005;26;9999.0;0.0
0;43100;AMETHYSTS;9998;9;9996;1;9995;24;10004;1;10005;24;;;10001.0;0.0
0;43100;STARFRUIT;5038;25;;;;;5045;25;;;;;5041.5;95.7265625
0;43200;AMETHYSTS;9996;2;9995;29;;;10002;5;10004;2;10005;29;9999.0;0.0
0;43200;STARFRUIT;5038;31;;;;;5045;31;;;;;5041.5;92.8203125
0;43300;STARFRUIT;5043;1;5037;20;;;5044;20;;;;;5043.5;77.3125
0;43300;AMETHYSTS;9998;10;9995;20;;;10005;20;;;;;10001.5;0.0
0;43400;AMETHYSTS;9996;2;9995;22;;;10004;2;10005;22;;;10000.0;0.0
0;43400;STARFRUIT;5037;24;;;;;5043;2;5044;22;;;5040.0;68.390625
0;43500;AMETHYSTS;9996;1;9995;24;;;10002;7;10004;1;10005;24;9999.0;0.0
0;43500;STARFRUIT;5037;6;5036;25;;;5043;25;;;;;5040.0;57.2109375
0;43600;AMETHYSTS;9995;22;;;;;10002;5;10005;22;;;9998.5;0.0
0;43600;STARFRUIT;5036;22;;;;;5041;1;5043;22;;;5038.5;56.0234375
0;43700;STARFRUIT;5037;1;5036;29;;;5043;30;;;;;5040.0;59.640625
0;43700;AMETHYSTS;9996;1;9995;29;;;10002;6;10004;1;10005;29;9999.0;0.0
0;43800;AMETHYSTS;9996;1;9995;22;;;10004;1;10005;22;;;10000.0;0.0
0;43800;STARFRUIT;5036;23;;;;;5043;23;;;;;5039.5;57.671875
0;43900;AMETHYSTS;9996;2;9995;24;;;10002;2;10004;2;10005;24;9999.0;0.0
0;43900;STARFRUIT;5037;6;5036;26;;;5043;26;;;;;5040.0;51.8046875
0;44000;AMETHYSTS;10002;4;9998;10;9996;2;10004;2;10005;25;;;10003.0;0.0
0;44000;STARFRUIT;5036;27;;;;;5043;27;;;;;5039.5;50.0859375
0;44100;STARFRUIT;5036;24;;;;;5041;4;5042;2;5043;22;5038.5;47.171875
0;44100;AMETHYSTS;9996;2;9995;22;;;10004;2;10005;22;;;10000.0;0.0
0;44200;AMETHYSTS;9995;24;;;;;10005;24;;;;;10000.0;0.0
0;44200;STARFRUIT;5036;24;;;;;5043;24;;;;;5039.5;55.2421875
0;44300;AMETHYSTS;9996;2;9995;24;;;9998;2;10004;2;10005;24;9997.0;0.0
0;44300;STARFRUIT;5036;26;;;;;5042;2;5043;24;;;5039.0;48.2265625
0;44400;AMETHYSTS;9996;1;9995;25;;;10002;7;10004;1;10005;25;9999.0;0.0
0;44400;STARFRUIT;5037;1;5036;26;;;5043;26;;;;;5040.0;50.28125
0;44500;STARFRUIT;5036;30;;;;;5043;30;;;;;5039.5;49.953125
0;44500;AMETHYSTS;9995;30;;;;;10005;30;;;;;10000.0;0.0
0;44600;AMETHYSTS;9996;1;9995;21;;;10004;1;10005;21;;;10000.0;0.0
0;44600;STARFRUIT;5037;22;;;;;5043;1;5044;21;;;5040.0;64.8125
0;44700;AMETHYSTS;9996;2;9995;25;;;10004;2;10005;25;;;10000.0;0.0
0;44700;STARFRUIT;5037;27;;;;;5042;6;5044;27;;;5039.5;71.59375
0;44800;AMETHYSTS;9995;25;;;;;10005;25;;;;;10000.0;0.0
0;44800;STARFRUIT;5037;25;;;;;5042;3;5044;25;;;5039.5;64.9453125
0;44900;STARFRUIT;5037;2;5036;21;;;5043;23;;;;;5040.0;62.578125
0;44900;AMETHYSTS;9996;2;9995;21;;;10004;2;10005;21;;;10000.0;0.0
0;45000;AMETHYSTS;9996;1;9995;27;;;10004;1;10005;27;;;10000.0;0.0
0;45000;STARFRUIT;5036;28;;;;;5037;1;5043;28;;;5036.5;55.6328125
0;45100;AMETHYSTS;9995;27;;;;;9998;1;10005;27;;;9996.5;0.0
0;45100;STARFRUIT;5036;27;;;;;5043;27;;;;;5039.5;60.640625
0;45200;AMETHYSTS;10002;1;9996;1;9995;20;10004;1;10005;20;;;10003.0;0.0
0;45200;STARFRUIT;5036;20;;;;;5043;1;5044;20;;;5039.5;63.6171875
0;45300;STARFRUIT;5037;22;;;;;5044;23;;;;;5040.5;72.4375
0;45300;AMETHYSTS;9995;23;;;;;10005;23;;;;;10000.0;0.0
0;45400;AMETHYSTS;9998;4;9995;25;;;10005;25;;;;;10001.5;0.0
0;45400;STARFRUIT;5037;25;;;;;5044;25;;;;;5040.5;76.5703125
0;45500;AMETHYSTS;9996;1;9995;20;;;9998;3;10004;1;10005;20;9997.0;0.0
0;45500;STARFRUIT;5036;21;;;;;5037;3;5043;21;;;5036.5;49.7421875
0;45600;AMETHYSTS;9996;1;9995;23;;;10004;1;10005;23;;;10000.0;0.0
0;45600;STARFRUIT;5037;1;5036;23;;;5041;6;5043;24;;;5039.0;59.4609375
0;45700;STARFRUIT;5037;2;5036;21;;;5043;23;;;;;5040.0;60.5
0;45700;AMETHYSTS;10002;1;9996;2;9995;21;10004;2;10005;21;;;10003.0;0.0
0;45800;AMETHYSTS;10000;5;9998;7;9996;2;10004;2;10005;30;;;10002.0;0.0
0;45800;STARFRUIT;5040;5;5037;32;;;5044;32;;;;;5042.0;72.359375
0;45900;AMETHYSTS;9998;8;9996;1;9995;25;10004;1;10005;25;;;10001.0;0.0
0;45900;STARFRUIT;5037;25;;;;;5044;26;;;;;5040.5;83.5
0;46000;AMETHYSTS;9995;23;;;;;9998;1;10005;23;;;9996.5;0.0
0;46000;STARFRUIT;5037;23;;;;;5044;23;;;;;5040.5;78.640625
0;46100;STARFRUIT;5039;4;5038;25;;;5045;25;;;;;5042.0;88.03125
0;46100;AMETHYSTS;9995;25;;;;;10005;25;;;;;10000.0;0.0
0;46200;AMETHYSTS;9995;24;;;;;10005;24;;;;;10000.0;0.0
0;46200;STARFRUIT;5039;4;5038;24;;;5045;24;;;;;5042.0;89.4765625
0;46300;AMETHYSTS;9996;2;9995;26;;;10004;2;10005;26;;;10000.0;0.0
0;46300;STARFRUIT;5039;2;5038;26;;;5045;28;;;;;5042.0;102.921875
0;46400;AMETHYSTS;9995;24;;;;;10005;24;;;;;10000.0;0.0
0;46400;STARFRUIT;5044;1;5038;24;;;5045;24;;;;;5044.5;97.921875
0;46500;STARFRUIT;5042;2;5038;30;;;5045;30;;;;;5043.5;90.75
0;46500;AMETHYSTS;9996;1;9995;29;;;9998;1;10004;1;10005;29;9997.0;0.0
0;46600;AMETHYSTS;9998;1;9995;28;;;10005;28;;;;;10001.5;0.0
0;46600;STARFRUIT;5044;1;5040;4;5039;28;5046;28;;;;;5045.0;105.8671875
0;46700;AMETHYSTS;9996;1;9995;29;;;10004;1;10005;29;;;10000.0;0.0
0;46700;STARFRUIT;5038;30;;;;;5045;30;;;;;5041.5;97.3984375
0;46800;AMETHYSTS;9995;25;;;;;10005;25;;;;;10000.0;0.0
0;46800;STARFRUIT;5038;25;;;;;5045;25;;;;;5041.5;100.515625
0;46900;STARFRUIT;5039;30;;;;;5040;10;5045;1;5046;29;5039.5;106.4140625
0;46900;AMETHYSTS;9996;1;9995;29;;;10002;3;10004;1;10005;29;9999.0;0.0
0;47000;AMETHYSTS;9996;1;9995;22;;;10004;1;10005;22;;;10000.0;0.0
0;47000;STARFRUIT;5039;23;;;;;5045;1;5046;22;;;5042.0;107.953125
0;47100;AMETHYSTS;9995;22;;;;;9998;1;10005;22;;;9996.5;0.0
0;47100;STARFRUIT;5039;22;;;;;5046;22;;;;;5042.5;113.1875
0;47200;AMETHYSTS;9996;2;9995;21;;;10004;2;10005;21;;;10000.0;0.0
0;47200;STARFRUIT;5044;1;5039;23;;;5046;23;;;;;5045.0;108.78125
0;47300;STARFRUIT;5040;5;5039;21;;;5046;21;;;;;5043.0;110.59375
0;47300;AMETHYSTS;9995;21;;;;;10005;21;;;;;10000.0;0.0
0;47400;AMETHYSTS;9998;7;9995;22;;;10005;22;;;;;10001.5;0.0
0;47400;STARFRUIT;5043;5;5038;22;;;5045;22;;;;;5044.0;88.9921875
0;47500;AMETHYSTS;9996;1;9995;21;;;9998;1;10004;1;10005;21;9997.0;0.0
0;47500;STARFRUIT;5037;22;;;;;5042;5;5044;22;;;5039.5;78.203125
0;47600;STARFRUIT;5037;21;;;;;5044;21;;;;;5040.5;76.15625
0;47600;AMETHYSTS;9998;5;9995;21;;;10005;21;;;;;10001.5;0.0
0;47700;STARFRUIT;5037;23;;;;;5042;4;5044;23;;;5039.5;76.5703125
0;47700;AMETHYSTS;9998;1;9995;23;;;10005;23;;;;;10001.5;0.0
0;47800;STARFRUIT;5038;20;;;;;5043;7;5045;20;;;5040.5;84.96875
0;47800;AMETHYSTS;9995;20;;;;;10005;20;;;;;10000.0;0.0
0;47900;AMETHYSTS;9995;23;;;;;10005;23;;;;;10000.0;0.0
0;47900;STARFRUIT;5037;23;;;;;5044;23;;;;;5040.5;65.34375
0;48000;STARFRUIT;5037;27;;;;;5044;27;;;;;5040.5;70.234375
0;48000;AMETHYSTS;10002;2;9996;1;9995;26;10004;1;10005;26;;;10003.0;0.0
0;48100;STARFRUIT;5037;30;;;;;5042;1;5044;30;;;5039.5;71.75
0;48100;AMETHYSTS;9996;1;9995;29;;;10004;1;10005;29;;;10000.0;0.0
0;48200;STARFRUIT;5038;2;5037;26;;;5044;27;;;;;5041.0;82.4765625
0;48200;AMETHYSTS;9996;1;9995;26;;;10004;1;10005;26;;;10000.0;0.0
0;48300;AMETHYSTS;9998;4;9996;1;9995;20;10004;1;10005;20;;;10001.0;0.0
0;48300;STARFRUIT;5037;21;;;;;5038;4;5044;21;;;5037.5;74.2265625
0;48400;STARFRUIT;5037;32;;;;;5042;6;5044;32;;;5039.5;76.3828125
0;48400;AMETHYSTS;9996;2;9995;30;;;10004;2;10005;30;;;10000.0;0.0
0;48500;STARFRUIT;5037;29;;;;;5044;29;;;;;5040.5;69.9375
0;48500;AMETHYSTS;9995;29;;;;;10005;29;;;;;10000.0;0.0
0;48600;STARFRUIT;5037;1;5036;26;;;5043;1;5044;26;;;5040.0;63.8515625
0;48600;AMETHYSTS;9996;1;9995;26;;;10004;1;10005;26;;;10000.0;0.0
0;48700;AMETHYSTS;9996;1;9995;22;;;10000;2;10004;1;10005;22;9998.0;0.0
0;48700;STARFRUIT;5036;23;;;;;5039;2;5043;23;;;5037.5;59.421875
0;48800;STARFRUIT;5036;29;;;;;5043;29;;;;;5039.5;57.6796875
0;48800;AMETHYSTS;9996;1;9995;28;;;10004;1;10005;28;;;10000.0;0.0
0;48900;STARFRUIT;5036;21;;;;;5043;22;;;;;5039.5;50.0078125
0;48900;AMETHYSTS;9995;22;;;;;10005;22;;;;;10000.0;0.0
0;49000;STARFRUIT;5035;29;;;;;5042;29;;;;;5038.5;34.671875
0;49000;AMETHYSTS;9996;1;9995;28;;;10004;1;10005;28;;;10000.0;0.0
0;49100;AMETHYSTS;9995;30;;;;;10005;30;;;;;10000.0;0.0
0;49100;STARFRUIT;5035;30;;;;;5042;30;;;;;5038.5;31.6640625
0;49200;STARFRUIT;5034;26;;;;;5041;26;;;;;5037.5;13.78125
0;49200;AMETHYSTS;10002;3;9996;1;9995;25;10004;1;10005;25;;;10003.0;0.0
0;49300;STARFRUIT;5035;6;5034;29;;;5041;29;;;;;5038.0;20.6796875
0;49300;AMETHYSTS;9998;3;9995;29;;;10005;29;;;;;10001.5;0.0
0;49400;STARFRUIT;5035;23;;;;;5042;23;;;;;5038.5;32.8671875
0;49400;AMETHYSTS;9996;1;9995;22;;;10004;1;10005;22;;;10000.0;0.0
0;49500;AMETHYSTS;9996;1;9995;24;;;10004;1;10005;24;;;10000.0;0.0
0;49500;STARFRUIT;5035;25;;;;;5041;1;5042;24;;;5038.0;25.2578125
0;49600;STARFRUIT;5036;2;5035;28;;;5038;3;5042;30;;;5037.0;40.40625
0;49600;AMETHYSTS;9996;2;9995;28;;;10000;3;10002;9;10004;2;9998.0;0.0
0;49700;STARFRUIT;5041;1;5036;6;5035;21;5042;21;;;;;5041.5;41.8125
0;49700;AMETHYSTS;9995;21;;;;;10005;21;;;;;10000.0;0.0
0;49800;AMETHYSTS;9995;20;;;;;10002;7;10005;20;;;9998.5;0.0
0;49800;STARFRUIT;5036;20;;;;;5037;1;5043;20;;;5036.5;56.3828125
0;49900;AMETHYSTS;9996;1;9995;23;;;10004;1;10005;23;;;10000.0;0.0
0;49900;STARFRUIT;5038;5;5037;24;;;5044;24;;;;;5041.0;73.0
0;50000;STARFRUIT;5037;26;;;;;5044;26;;;;;5040.5;77.7109375
0;50000;AMETHYSTS;9996;2;9995;24;;;10002;5;10004;2;10005;24;9999.0;0.0
0;50100;AMETHYSTS;10002;4;9996;2;9995;22;10004;2;10005;22;;;10003.0;0.0
0;50100;STARFRUIT;5037;24;;;;;5043;2;5044;22;;;5040.0;70.140625
0;50200;AMETHYSTS;9996;1;9995;28;;;10004;1;10005;28;;;10000.0;0.0
0;50200;STARFRUIT;5036;29;;;;;5043;29;;;;;5039.5;58.5703125
0;50300;AMETHYSTS;9995;23;;;;;10005;23;;;;;10000.0;0.0
0;50300;STARFRUIT;5036;23;;;;;5041;4;5043;23;;;5038.5;64.4296875
0;50400;STARFRUIT;5037;2;5036;23;;;5038;3;5043;23;;;5037.5;61.015625
0;50400;AMETHYSTS;9996;2;9995;21;;;10004;2;10005;21;;;10000.0;0.0
0;50500;AMETHYSTS;10000;4;9998;7;9996;1;10004;1;10005;27;;;10002.0;0.0
0;50500;STARFRUIT;5039;4;5036;28;;;5043;28;;;;;5041.0;57.1953125
0;50600;AMETHYSTS;9998;7;9996;2;9995;22;10000;5;10004;2;10005;22;9999.0;0.0
0;50600;STARFRUIT;5036;24;;;;;5039;4;5043;24;;;5037.5;55.4609375
0;50700;AMETHYSTS;9998;9;9995;20;;;10005;20;;;;;10001.5;0.0
0;50700;STARFRUIT;5036;20;;;;;5043;20;;;;;5039.5;54.2890625
0;50800;STARFRUIT;5037;2;5036;26;;;5043;28;;;;;5040.0;62.1328125
0;50800;AMETHYSTS;9998;7;9996;2;9995;26;10004;2;10005;26;;;10001.0;0.0
0;50900;AMETHYSTS;9998;2;9995;30;;;10000;5;10005;30;;;9999.0;0.0
0;50900;STARFRUIT;5036;30;;;;;5037;1;5039;5;5043;30;5036.5;63.96875
0;51000;AMETHYSTS;9996;2;9995;23;;;10004;2;10005;23;;;10000.0;0.0
0;51000;STARFRUIT;5037;25;;;;;5043;2;5044;23;;;5040.0;66.796875
0;51100;AMETHYSTS;9995;29;;;;;10002;1;10005;29;;;9998.5;0.0
0;51100;STARFRUIT;5038;3;5037;29;;;5044;29;;;;;5041.0;79.7734375
0;51200;STARFRUIT;5037;30;;;;;5044;30;;;;;5040.5;79.109375
0;51200;AMETHYSTS;9995;30;;;;;10005;30;;;;;10000.0;0.0
0;51300;AMETHYSTS;9996;2;9995;23;;;9998;5;10002;5;10004;2;9997.0;0.0
0;51300;STARFRUIT;5038;2;5037;23;;;5044;25;;;;;5041.0;81.515625
0;51400;AMETHYSTS;9996;1;9995;22;;;10004;1;10005;22;;;10000.0;0.0
0;51400;STARFRUIT;5037;23;;;;;5042;5;5044;23;;;5039.5;74.3671875
0;51500;AMETHYSTS;9995;21;;;;;10005;21;;;;;10000.0;0.0
0;51500;STARFRUIT;5037;21;;;;;5044;21;;;;;5040.5;79.3125
0;51600;STARFRUIT;5042;3;5038;2;5037;21;5044;23;;;;;5043.0;80.90625
0;51600;AMETHYSTS;9996;2;9995;21;;;10002;5;10004;2;10005;21;9999.0;0.0
0;51700;AMETHYSTS;9996;2;9995;30;;;10004;2;10005;30;;;10000.0;0.0
0;51700;STARFRUIT;5038;2;5037;30;;;5044;32;;;;;5041.0;80.953125
0;51800;AMETHYSTS;9995;25;;;;;10005;25;;;;;10000.0;0.0
0;51800;STARFRUIT;5037;25;;;;;5044;25;;;;;5040.5;77.2421875
0;51900;AMETHYSTS;9996;2;9995;26;;;10004;2;10005;26;;;10000.0;0.0
0;51900;STARFRUIT;5037;28;;;;;5044;28;;;;;5040.5;71.0625
0;52000;AMETHYSTS;9998;2;9995;21;;;10000;5;10005;21;;;9999.0;0.0
0;52000;STARFRUIT;5038;5;5037;21;;;5040;5;5044;21;;;5039.0;76.3828125
0;52100;AMETHYSTS;9996;1;9995;27;;;10004;1;10005;27;;;10000.0;0.0
0;52100;STARFRUIT;5038;1;5037;27;;;5044;28;;;;;5041.0;81.5234375
0;52200;AMETHYSTS;9995;23;;;;;10005;23;;;;;10000.0;0.0
0;52200;STARFRUIT;5037;22;;;;;5044;23;;;;;5040.5;75.2421875
0;52300;STARFRUIT;5037;30;;;;;5044;30;;;;;5040.5;80.15625
0;52300;AMETHYSTS;9995;30;;;;;10005;30;;;;;10000.0;0.0
0;52400;AMETHYSTS;10002;3;9996;1;9995;20;10004;1;10005;20;;;10003.0;0.0
0;52400;STARFRUIT;5038;1;5037;21;;;5040;4;5044;21;;;5039.0;79.5703125
0;52500;AMETHYSTS;9996;2;9995;25;;;10004;2;10005;25;;;10000.0;0.0
0;52500;STARFRUIT;5037;27;;;;;5043;2;5044;25;;;5040.0;68.8828125
0;52600;AMETHYSTS;9996;1;9995;30;;;10004;1;10005;30;;;10000.0;0.0
0;52600;STARFRUIT;5037;31;;;;;5043;1;5044;30;;;5040.0;66.65625
0;52700;STARFRUIT;5042;1;5037;25;;;5043;1;5044;24;;;5042.5;67.6484375
0;52700;AMETHYSTS;9996;1;9995;24;;;10002;9;10004;1;10005;24;9999.0;0.0
0;52800;AMETHYSTS;9996;2;9995;26;;;10004;2;10005;26;;;10000.0;0.0
0;52800;STARFRUIT;5042;1;5037;28;;;5044;28;;;;;5043.0;70.4453125
0;52900;AMETHYSTS;9996;1;9995;26;;;10002;3;10004;1;10005;26;9999.0;0.0
0;52900;STARFRUIT;5036;27;;;;;5043;27;;;;;5039.5;56.1015625
0;53000;AMETHYSTS;9996;1;9995;29;;;10004;1;10005;29;;;10000.0;0.0
0;53000;STARFRUIT;5036;1;5035;29;;;5042;30;;;;;5039.0;43.71875
0;53100;STARFRUIT;5036;2;5035;21;;;5042;2;5043;21;;;5039.0;46.953125
0;53100;AMETHYSTS;9996;2;9995;21;;;9998;5;10004;2;10005;21;9997.0;0.0
0;53200;AMETHYSTS;9995;23;;;;;10005;23;;;;;10000.0;0.0
0;53200;STARFRUIT;5041;1;5036;23;;;5043;23;;;;;5042.0;55.015625
0;53300;AMETHYSTS;9995;20;;;;;10005;20;;;;;10000.0;0.0
0;53300;STARFRUIT;5036;20;;;;;5043;20;;;;;5039.5;49.0703125
0;53400;AMETHYSTS;9996;2;9995;30;;;9998;1;10004;2;10005;30;9997.0;0.0
0;53400;STARFRUIT;5038;7;5037;32;;;5044;32;;;;;5041.0;72.09375
0;53500;STARFRUIT;5037;25;;;;;5042;2;5044;25;;;5039.5;76.25
0;53500;AMETHYSTS;9995;25;;;;;10002;7;10005;25;;;9998.5;0.0
0;53600;AMETHYSTS;9998;2;9996;1;9995;22;10004;1;10005;22;;;10001.0;0.0
0;53600;STARFRUIT;5037;23;;;;;5044;23;;;;;5040.5;79.109375
0;53700;AMETHYSTS;9995;23;;;;;10005;23;;;;;10000.0;0.0
0;53700;STARFRUIT;5038;1;5037;23;;;5044;23;;;;;5041.0;77.15625
0;53800;AMETHYSTS;9998;8;9995;29;;;10005;29;;;;;10001.5;0.0
0;53800;STARFRUIT;5037;29;;;;;5044;29;;;;;5040.5;70.796875
0;53900;STARFRUIT;5038;1;5037;25;;;5040;4;5044;26;;;5039.0;82.4921875
0;53900;AMETHYSTS;9996;1;9995;25;;;10000;4;10002;8;10004;1;9998.0;0.0
0;54000;AMETHYSTS;9996;1;9995;21;;;10002;1;10004;1;10005;21;9999.0;0.0
0;54000;STARFRUIT;5038;7;5037;22;;;5044;22;;;;;5041.0;76.015625
0;54100;AMETHYSTS;9996;1;9995;21;;;10004;1;10005;21;;;10000.0;0.0
0;54100;STARFRUIT;5038;4;5037;22;;;5043;1;5044;21;;;5040.5;67.7109375
0;54200;AMETHYSTS;9996;1;9995;20;;;10004;1;10005;20;;;10000.0;0.0
0;54200;STARFRUIT;5037;20;;;;;5043;1;5044;20;;;5040.0;67.25
0;54300;STARFRUIT;5037;28;;;;;5043;2;5044;26;;;5040.0;67.3359375
0;54300;AMETHYSTS;10002;1;9996;2;9995;26;10004;2;10005;26;;;10003.0;0.0
0;54400;AMETHYSTS;9995;22;;;;;10005;22;;;;;10000.0;0.0
0;54400;STARFRUIT;5037;22;;;;;5044;22;;;;;5040.5;83.828125
0;54500;AMETHYSTS;9996;2;9995;27;;;10002;2;10004;2;10005;27;9999.0;0.0
0;54500;STARFRUIT;5038;29;;;;;5045;29;;;;;5041.5;90.7734375
0;54600;AMETHYSTS;10002;2;9996;1;9995;29;10004;1;10005;29;;;10003.0;0.0
0;54600;STARFRUIT;5038;30;;;;;5045;30;;;;;5041.5;95.0546875
0;54700;STARFRUIT;5038;1;5037;22;;;5044;1;5045;22;;;5041.0;85.859375
0;54700;AMETHYSTS;9996;1;9995;22;;;10004;1;10005;22;;;10000.0;0.0
0;54800;AMETHYSTS;9996;2;9995;23;;;10004;2;10005;23;;;10000.0;0.0
0;54800;STARFRUIT;5039;9;5038;23;;;5045;25;;;;;5042.0;101.515625
0;54900;AMETHYSTS;9996;2;9995;22;;;10004;2;10005;22;;;10000.0;0.0
0;54900;STARFRUIT;5038;24;;;;;5043;1;5045;24;;;5040.5;98.3359375
0;55000;AMETHYSTS;9996;2;9995;20;;;10004;2;10005;20;;;10000.0;0.0
0;55000;STARFRUIT;5039;2;5038;20;;;5043;7;5045;22;;;5041.0;102.40625
0;55100;STARFRUIT;5039;26;;;;;5045;2;5046;24;;;5042.0;107.53125
0;55100;AMETHYSTS;9996;2;9995;24;;;10004;2;10005;24;;;10000.0;0.0
0;55200;AMETHYSTS;9998;8;9996;1;9995;25;10004;1;10005;25;;;10001.0;0.0
0;55200;STARFRUIT;5038;25;;;;;5045;26;;;;;5041.5;103.21875
0;55300;AMETHYSTS;9995;22;;;;;10002;5;10005;22;;;9998.5;0.0
0;55300;STARFRUIT;5039;22;;;;;5044;3;5046;22;;;5041.5;108.4296875
0;55400;AMETHYSTS;9998;7;9996;1;9995;27;10004;1;10005;27;;;10001.0;0.0
0;55400;STARFRUIT;5039;6;5038;27;;;5045;28;;;;;5042.0;104.84375
0;55500;STARFRUIT;5039;2;5038;22;;;5043;2;5045;24;;;5041.0;102.640625
0;55500;AMETHYSTS;9996;2;9995;22;;;10004;2;10005;22;;;10000.0;0.0
0;55600;AMETHYSTS;9995;23;;;;;10002;9;10005;23;;;9998.5;0.0
0;55600;STARFRUIT;5038;23;;;;;5045;23;;;;;5041.5;102.6796875
0;55700;AMETHYSTS;9996;1;9995;21;;;10002;7;10004;1;10005;21;9999.0;0.0
0;55700;STARFRUIT;5038;22;;;;;5045;22;;;;;5041.5;98.125
0;55800;AMETHYSTS;9996;1;9995;25;;;10004;1;10005;25;;;10000.0;0.0
0;55800;STARFRUIT;5039;8;5038;26;;;5045;26;;;;;5042.0;100.109375
0;55900;STARFRUIT;5041;4;5038;20;;;5045;20;;;;;5043.0;96.78125
0;55900;AMETHYSTS;9995;20;;;;;10005;20;;;;;10000.0;0.0
0;56000;AMETHYSTS;10000;2;9996;1;9995;24;10002;6;10004;1;10005;24;10001.0;0.0
0;56000;STARFRUIT;5041;2;5038;25;;;5043;7;5045;25;;;5042.0;96.6640625
0;56100;AMETHYSTS;9996;1;9995;27;;;9998;1;10002;3;10004;1;9997.0;0.0
0;56100;STARFRUIT;5038;28;;;;;5044;1;5045;27;;;5041.0;87.265625
0;56200;AMETHYSTS;9996;1;9995;30;;;10000;4;10004;1;10005;30;9998.0;0.0
0;56200;STARFRUIT;5038;31;;;;;5041;4;5044;1;5045;30;5039.5;89.1640625
0;56300;STARFRUIT;5038;28;;;;;5045;28;;;;;5041.5;89.9765625
0;56300;AMETHYSTS;9995;28;;;;;10005;28;;;;;10000.0;0.0
0;56400;STARFRUIT;5038;29;;;;;5045;29;;;;;5041.5;90.6015625
0;56400;AMETHYSTS;9996;2;9995;27;;;10004;2;10005;27;;;10000.0;0.0
0;56500;AMETHYSTS;9995;21;;;;;10002;9;10005;21;;;9998.5;0.0
0;56500;STARFRUIT;5038;21;;;;;5045;21;;;;;5041.5;94.1953125
0;56600;STARFRUIT;5038;2;5037;28;;;5043;3;5044;2;5045;28;5040.5;85.8046875
0;56600;AMETHYSTS;9996;2;9995;28;;;10002;2;10004;2;10005;28;9999.0;0.0
0;56700;STARFRUIT;5038;2;5037;27;;;5039;4;5044;27;;;5038.5;83.8828125
0;56700;AMETHYSTS;9998;5;9995;27;;;10005;27;;;;;10001.5;0.0
0;56800;STARFRUIT;5038;8;5037;23;;;5044;23;;;;;5041.0;78.765625
0;56800;AMETHYSTS;9995;23;;;;;10005;23;;;;;10000.0;0.0
0;56900;AMETHYSTS;9996;1;9995;20;;;10004;1;10005;20;;;10000.0;0.0
0;56900;STARFRUIT;5037;21;;;;;5044;21;;;;;5040.5;73.9375
0;57000;STARFRUIT;5037;22;;;;;5044;22;;;;;5040.5;80.3828125
0;57000;AMETHYSTS;9996;2;9995;20;;;10002;10;10004;2;10005;20;9999.0;0.0
0;57100;STARFRUIT;5043;1;5037;24;;;5045;24;;;;;5044.0;86.3203125
0;57100;AMETHYSTS;9998;6;9995;24;;;10005;24;;;;;10001.5;0.0
0;57200;STARFRUIT;5038;1;5037;25;;;5044;26;;;;;5041.0;82.1796875
0;57200;AMETHYSTS;9998;5;9996;1;9995;25;10004;1;10005;25;;;10001.0;0.0
0;57300;AMETHYSTS;9996;1;9995;30;;;10004;1;10005;30;;;10000.0;0.0
0;57300;STARFRUIT;5038;31;;;;;5043;1;5044;1;5045;30;5040.5;89.6796875
0;57400;STARFRUIT;5038;28;;;;;5044;1;5045;27;;;5041.0;90.21875
0;57400;AMETHYSTS;9996;1;9995;27;;;10004;1;10005;27;;;10000.0;0.0
0;57500;STARFRUIT;5038;2;5037;21;;;5044;21;;;;;5041.0;85.046875
0;57500;AMETHYSTS;9995;21;;;;;10005;21;;;;;10000.0;0.0
0;57600;STARFRUIT;5040;5;5038;2;5037;20;5044;22;;;;;5042.0;83.8984375
0;57600;AMETHYSTS;10000;4;9996;2;9995;20;10004;2;10005;20;;;10002.0;0.0
0;57700;AMETHYSTS;9998;2;9996;1;9995;21;10004;1;10005;21;;;10001.0;0.0
0;57700;STARFRUIT;5037;22;;;;;5044;22;;;;;5040.5;73.5390625
0;57800;STARFRUIT;5038;7;5037;28;;;5044;28;;;;;5041.0;78.1484375
0;57800;AMETHYSTS;9996;2;9995;26;;;10002;4;10004;2;10005;26;9999.0;0.0
0;57900;STARFRUIT;5037;2;5036;26;;;5038;5;5043;28;;;5037.5;64.984375
0;57900;AMETHYSTS;9996;2;9995;26;;;10004;2;10005;26;;;10000.0;0.0
0;58000;STARFRUIT;5037;28;;;;;5044;28;;;;;5040.5;70.71875
0;58000;AMETHYSTS;9995;28;;;;;10005;28;;;;;10000.0;0.0
0;58100;AMETHYSTS;9998;7;9995;20;;;10005;20;;;;;10001.5;0.0
0;58100;STARFRUIT;5037;20;;;;;5044;20;;;;;5040.5;74.484375
0;58200;STARFRUIT;5037;29;;;;;5043;2;5044;27;;;5040.0;94.87109375
0;58200;AMETHYSTS;9996;2;9995;27;;;10004;2;10005;27;;;10000.0;0.0
0;58300;STARFRUIT;5037;2;5036;28;;;5043;30;;;;;5040.0;93.349609375
0;58300;AMETHYSTS;9996;2;9995;28;;;10004;2;10005;28;;;10000.0;0.0
0;58400;STARFRUIT;5037;25;;;;;5044;25;;;;;5040.5;95.01171875
0;58400;AMETHYSTS;9995;25;;;;;10005;25;;;;;10000.0;0.0
0;58500;AMETHYSTS;9998;3;9996;2;9995;20;10004;2;10005;20;;;10001.0;0.0
0;58500;STARFRUIT;5038;2;5037;20;;;5042;2;5044;22;;;5040.0;98.775390625
0;58600;STARFRUIT;5038;23;;;;;5045;23;;;;;5041.5;102.115234375
0;58600;AMETHYSTS;9996;1;9995;22;;;10004;1;10005;22;;;10000.0;0.0
0;58700;AMETHYSTS;9996;1;9995;29;;;9998;1;10000;4;10004;1;9997.0;0.0
0;58700;STARFRUIT;5038;30;;;;;5041;4;5044;1;5045;29;5039.5;101.13671875
0;58800;AMETHYSTS;9996;1;9995;30;;;10004;1;10005;30;;;10000.0;0.0
0;58800;STARFRUIT;5038;1;5037;30;;;5042;5;5044;31;;;5040.0;99.1875
0;58900;AMETHYSTS;9996;2;9995;23;;;10004;2;10005;23;;;10000.0;0.0
0;58900;STARFRUIT;5043;1;5037;25;;;5044;25;;;;;5043.5;97.966796875
0;59000;STARFRUIT;5038;1;5037;23;;;5044;1;5045;23;;;5041.0;99.85546875
0;59000;AMETHYSTS;9996;1;9995;23;;;10004;1;10005;23;;;10000.0;0.0
0;59100;AMETHYSTS;9998;7;9996;1;9995;20;10004;1;10005;20;;;10001.0;0.0
0;59100;STARFRUIT;5038;1;5037;20;;;5044;21;;;;;5041.0;99.390625
0;59200;AMETHYSTS;10002;1;9996;2;9995;23;10004;2;10005;23;;;10003.0;0.0
0;59200;STARFRUIT;5042;10;5038;10;5037;23;5044;25;;;;;5043.0;98.751953125
0;59300;AMETHYSTS;9998;5;9995;22;;;10005;22;;;;;10001.5;0.0
0;59300;STARFRUIT;5036;22;;;;;5044;22;;;;;5040.0;94.00390625
0;59400;STARFRUIT;5036;23;;;;;5043;23;;;;;5039.5;92.45703125
0;59400;AMETHYSTS;10002;1;9995;23;;;10005;23;;;;;10003.5;0.0
0;59500;AMETHYSTS;9996;2;9995;22;;;10004;2;10005;22;;;10000.0;0.0
0;59500;STARFRUIT;5037;2;5036;22;;;5043;2;5044;22;;;5040.0;93.98828125
0;59600;AMETHYSTS;10002;1;9996;1;9995;24;10004;1;10005;24;;;10003.0;0.0
0;59600;STARFRUIT;5037;25;;;;;5044;25;;;;;5040.5;96.2578125
0;59700;AMETHYSTS;9996;1;9995;25;;;10004;1;10005;25;;;10000.0;0.0
0;59700;STARFRUIT;5044;1;5038;26;;;5045;26;;;;;5044.5;103.30859375
0;59800;STARFRUIT;5038;24;;;;;5045;24;;;;;5041.5;103.72265625
0;59800;AMETHYSTS;9998;9;9996;2;9995;22;10004;2;10005;22;;;10001.0;0.0
0;59900;AMETHYSTS;9996;2;9995;23;;;10004;2;10005;23;;;10000.0;0.0
0;59900;STARFRUIT;5038;2;5037;23;;;5042;4;5044;25;;;5040.0;104.0859375
0;60000;AMETHYSTS;9996;1;9995;25;;;9998;3;10002;10;10004;1;9997.0;0.0
0;60000;STARFRUIT;5038;5;5037;26;;;5044;26;;;;;5041.0;102.921875
0;60100;AMETHYSTS;9996;1;9995;27;;;10004;1;10005;27;;;10000.0;0.0
0;60100;STARFRUIT;5037;28;;;;;5044;28;;;;;5040.5;101.734375
0;60200;STARFRUIT;5037;26;;;;;5044;26;;;;;5040.5;101.0078125
0;60200;AMETHYSTS;9996;1;9995;25;;;10004;1;10005;25;;;10000.0;0.0
0;60300;AMETHYSTS;9998;3;9996;1;9995;23;10004;1;10005;23;;;10001.0;0.0
0;60300;STARFRUIT;5037;24;;;;;5044;24;;;;;5040.5;100.3046875
0;60400;AMETHYSTS;9996;2;9995;22;;;9998;1;10004;2;10005;22;9997.0;0.0
0;60400;STARFRUIT;5037;24;;;;;5043;2;5044;22;;;5040.0;95.6328125
0;60500;AMETHYSTS;9995;25;;;;;10000;2;10005;25;;;9997.5;0.0
0;60500;STARFRUIT;5037;25;;;;;5040;2;5044;25;;;5038.5;95.2578125
0;60600;STARFRUIT;5037;21;;;;;5043;1;5044;21;;;5040.0;97.0390625
0;60600;AMETHYSTS;9996;1;9995;21;;;10004;1;10005;21;;;10000.0;0.0
0;60700;AMETHYSTS;9998;10;9995;24;;;10005;24;;;;;10001.5;0.0
0;60700;STARFRUIT;5042;9;5037;24;;;5044;24;;;;;5043.0;101.609375
0;60800;AMETHYSTS;9996;2;9995;26;;;10004;2;10005;26;;;10000.0;0.0
0;60800;STARFRUIT;5043;1;5037;28;;;5044;28;;;;;5043.5;104.140625
0;60900;STARFRUIT;5043;1;5037;29;;;5044;29;;;;;5043.5;104.96875
0;60900;AMETHYSTS;9998;10;9995;29;;;10005;29;;;;;10001.5;0.0
0;61000;AMETHYSTS;9996;1;9995;25;;;9998;1;10004;1;10005;25;9997.0;0.0
0;61000;STARFRUIT;5037;26;;;;;5044;26;;;;;5040.5;96.4609375
0;61100;AMETHYSTS;9996;2;9995;29;;;10004;2;10005;29;;;10000.0;0.0
0;61100;STARFRUIT;5037;31;;;;;5044;31;;;;;5040.5;87.203125
0;61200;AMETHYSTS;9998;1;9995;22;;;10005;22;;;;;10001.5;0.0
0;61200;STARFRUIT;5038;5;5037;22;;;5039;3;5044;22;;;5038.5;96.6875
0;61300;STARFRUIT;5036;27;;;;;5043;27;;;;;5039.5;77.984375
0;61300;AMETHYSTS;9995;27;;;;;10005;27;;;;;10000.0;0.0
0;61400;AMETHYSTS;9995;28;;;;;10005;28;;;;;10000.0;0.0
0;61400;STARFRUIT;5037;28;;;;;5044;28;;;;;5040.5;87.328125
0;61500;AMETHYSTS;9998;4;9995;22;;;10005;22;;;;;10001.5;0.0
0;61500;STARFRUIT;5042;1;5037;22;;;5044;22;;;;;5043.0;84.5703125
0;61600;AMETHYSTS;9996;1;9995;27;;;10004;1;10005;27;;;10000.0;0.0
0;61600;STARFRUIT;5037;28;;;;;5044;28;;;;;5040.5;93.7109375
0;61700;STARFRUIT;5037;23;;;;;5044;23;;;;;5040.5;96.140625
0;61700;AMETHYSTS;9996;2;9995;21;;;10004;2;10005;21;;;10000.0;0.0
0;61800;AMETHYSTS;9996;2;9995;24;;;10004;2;10005;24;;;10000.0;0.0
0;61800;STARFRUIT;5037;26;;;;;5038;1;5044;26;;;5037.5;93.703125
0;61900;AMETHYSTS;9995;28;;;;;10002;8;10005;28;;;9998.5;0.0
0;61900;STARFRUIT;5037;28;;;;;5044;28;;;;;5040.5;99.890625
0;62000;AMETHYSTS;9995;24;;;;;10005;24;;;;;10000.0;0.0
0;62000;STARFRUIT;5037;24;;;;;5044;24;;;;;5040.5;92.7890625
0;62100;STARFRUIT;5037;27;;;;;5043;2;5044;25;;;5040.0;85.09375
0;62100;AMETHYSTS;9996;2;9995;25;;;10002;3;10004;2;10005;25;9999.0;0.0
0;62200;AMETHYSTS;9998;9;9996;2;9995;22;10004;2;10005;22;;;10001.0;0.0
0;62200;STARFRUIT;5037;24;;;;;5042;1;5044;24;;;5039.5;94.4609375
0;62300;AMETHYSTS;9995;21;;;;;10005;21;;;;;10000.0;0.0
0;62300;STARFRUIT;5037;21;;;;;5044;21;;;;;5040.5;97.7109375
0;62400;AMETHYSTS;9995;24;;;;;10005;24;;;;;10000.0;0.0
0;62400;STARFRUIT;5037;24;;;;;5044;24;;;;;5040.5;98.25
0;62500;STARFRUIT;5038;2;5037;25;;;5044;27;;;;;5041.0;98.6796875
0;62500;AMETHYSTS;9996;2;9995;25;;;10004;2;10005;25;;;10000.0;0.0
0;62600;AMETHYSTS;9998;6;9996;1;9995;21;10004;1;10005;21;;;10001.0;0.0
0;62600;STARFRUIT;5038;1;5037;21;;;5044;22;;;;;5041.0;99.25
0;62700;AMETHYSTS;9998;3;9995;25;;;10005;25;;;;;10001.5;0.0
0;62700;STARFRUIT;5037;25;;;;;5044;25;;;;;5040.5;88.578125
0;62800;AMETHYSTS;9995;22;;;;;10005;22;;;;;10000.0;0.0
0;62800;STARFRUIT;5037;22;;;;;5044;22;;;;;5040.5;93.2421875
0;62900;STARFRUIT;5037;22;;;;;5043;2;5044;20;;;5040.0;84.96875
0;62900;AMETHYSTS;10002;11;9998;3;9996;2;10004;2;10005;20;;;10003.0;0.0
0;63000;AMETHYSTS;9995;30;;;;;10005;30;;;;;10000.0;0.0
0;63000;STARFRUIT;5037;30;;;;;5044;30;;;;;5040.5;95.5234375
0;63100;AMETHYSTS;9995;30;;;;;9998;1;10005;30;;;9996.5;0.0
0;63100;STARFRUIT;5037;30;;;;;5044;30;;;;;5040.5;98.515625
0;63200;AMETHYSTS;9996;1;9995;24;;;10004;1;10005;24;;;10000.0;0.0
0;63200;STARFRUIT;5038;25;;;;;5044;1;5045;24;;;5041.0;104.203125
0;63300;STARFRUIT;5043;1;5038;30;;;5045;30;;;;;5044.0;107.8984375
0;63300;AMETHYSTS;10002;4;9995;30;;;10005;30;;;;;10003.5;0.0
0;63400;AMETHYSTS;9996;2;9995;22;;;10004;2;10005;22;;;10000.0;0.0
0;63400;STARFRUIT;5038;24;;;;;5044;2;5045;22;;;5041.0;102.7734375
0;63500;AMETHYSTS;9995;28;;;;;10005;28;;;;;10000.0;0.0
0;63500;STARFRUIT;5038;3;5037;28;;;5044;28;;;;;5041.0;96.109375
0;63600;AMETHYSTS;9995;22;;;;;10005;22;;;;;10000.0;0.0
0;63600;STARFRUIT;5042;1;5037;22;;;5044;22;;;;;5043.0;90.6015625
0;63700;STARFRUIT;5037;21;;;;;5040;5;5042;7;5044;21;5038.5;87.1640625
0;63700;AMETHYSTS;9995;21;;;;;10000;5;10002;7;10005;21;9997.5;0.0
0;63800;AMETHYSTS;9996;1;9995;27;;;9998;1;10004;1;10005;27;9997.0;0.0
0;63800;STARFRUIT;5036;1;5035;27;;;5042;28;;;;;5039.0;61.28125
0;63900;AMETHYSTS;9995;22;;;;;10000;2;10005;22;;;9997.5;0.0
0;63900;STARFRUIT;5035;22;;;;;5039;2;5043;22;;;5037.0;62.453125
0;64000;AMETHYSTS;9995;30;;;;;9998;11;10002;10;10005;30;9996.5;0.0
0;64000;STARFRUIT;5036;2;5035;30;;;5042;30;;;;;5039.0;54.8828125
0;64100;STARFRUIT;5036;28;;;;;5041;4;5042;2;5043;26;5038.5;64.484375
0;64100;AMETHYSTS;9996;2;9995;26;;;10002;4;10004;2;10005;26;9999.0;0.0
0;64200;AMETHYSTS;9996;2;9995;25;;;10004;2;10005;25;;;10000.0;0.0
0;64200;STARFRUIT;5036;27;;;;;5043;27;;;;;5039.5;69.078125
0;64300;AMETHYSTS;9998;4;9996;2;9995;20;10004;2;10005;20;;;10001.0;0.0
0;64300;STARFRUIT;5036;2;5035;22;;;5042;22;;;;;5039.0;56.9921875
0;64400;AMETHYSTS;9996;2;9995;27;;;10004;2;10005;27;;;10000.0;0.0
0;64400;STARFRUIT;5036;4;5035;29;;;5042;29;;;;;5039.0;54.6171875
0;64500;STARFRUIT;5036;7;5035;22;;;5042;22;;;;;5039.0;53.5546875
0;64500;AMETHYSTS;9996;2;9995;20;;;10004;2;10005;20;;;10000.0;0.0
0;64600;AMETHYSTS;9996;2;9995;27;;;10004;2;10005;27;;;10000.0;0.0
0;64600;STARFRUIT;5036;2;5035;27;;;5042;29;;;;;5039.0;61.1875
0;64700;AMETHYSTS;10002;1;9996;1;9995;28;10004;1;10005;28;;;10003.0;0.0
0;64700;STARFRUIT;5036;1;5035;28;;;5042;1;5043;28;;;5039.0;62.0078125
0;64800;AMETHYSTS;9996;1;9995;20;;;10004;1;10005;20;;;10000.0;0.0
0;64800;STARFRUIT;5036;20;;;;;5042;1;5043;20;;;5039.0;65.7421875
0;64900;STARFRUIT;5036;2;5035;30;;;5042;32;;;;;5039.0;59.21875
0;64900;AMETHYSTS;9996;2;9995;30;;;9998;4;10002;10;10004;2;9997.0;0.0
0;65000;AMETHYSTS;9996;1;9995;26;;;10002;5;10004;1;10005;26;9999.0;0.0
0;65000;STARFRUIT;5041;1;5036;27;;;5042;1;5043;26;;;5041.5;63.3359375
0;65100;AMETHYSTS;9998;10;9996;1;9995;25;10004;1;10005;25;;;10001.0;0.0
0;65100;STARFRUIT;5036;1;5035;25;;;5042;26;;;;;5039.0;59.9609375
0;65200;AMETHYSTS;9996;1;9995;28;;;10002;6;10004;1;10005;28;9999.0;0.0
0;65200;STARFRUIT;5037;2;5036;29;;;5042;1;5043;28;;;5039.5;66.4453125
0;65300;STARFRUIT;5036;29;;;;;5041;1;5043;29;;;5038.5;65.4375
0;65300;AMETHYSTS;9995;29;;;;;10002;9;10005;29;;;9998.5;0.0
0;65400;STARFRUIT;5035;21;;;;;5037;2;5042;21;;;5036.0;56.203125
0;65400;AMETHYSTS;9998;10;9995;21;;;10005;21;;;;;10001.5;0.0
0;65500;AMETHYSTS;9995;20;;;;;10005;20;;;;;10000.0;0.0
0;65500;STARFRUIT;5035;20;;;;;5042;20;;;;;5038.5;53.484375
0;65600;STARFRUIT;5036;6;5035;20;;;5042;20;;;;;5039.0;54.6640625
0;65600;AMETHYSTS;9998;3;9995;20;;;10005;20;;;;;10001.5;0.0
0;65700;STARFRUIT;5035;24;;;;;5036;1;5043;24;;;5035.5;62.328125
0;65700;AMETHYSTS;9995;24;;;;;10005;24;;;;;10000.0;0.0
0;65800;STARFRUIT;5037;1;5036;30;;;5043;30;;;;;5040.0;69.0234375
0;65800;AMETHYSTS;10002;4;9995;30;;;10005;30;;;;;10003.5;0.0
0;65900;AMETHYSTS;9996;2;9995;24;;;10004;2;10005;24;;;10000.0;0.0
0;65900;STARFRUIT;5037;2;5036;24;;;5043;26;;;;;5040.0;81.5234375
0;66000;STARFRUIT;5037;7;5036;24;;;5043;25;;;;;5040.0;80.828125
0;66000;AMETHYSTS;9996;1;9995;24;;;10004;1;10005;24;;;10000.0;0.0
0;66100;STARFRUIT;5042;1;5037;25;;;5043;2;5044;23;;;5042.5;85.5546875
0;66100;AMETHYSTS;9996;2;9995;23;;;10004;2;10005;23;;;10000.0;0.0
0;66200;STARFRUIT;5041;5;5037;23;;;5043;1;5044;22;;;5042.0;85.390625
0;66200;AMETHYSTS;10002;1;9996;1;9995;22;10004;1;10005;22;;;10003.0;0.0
0;66300;AMETHYSTS;10000;3;9995;20;;;10002;5;10005;20;;;10001.0;0.0
0;66300;STARFRUIT;5040;3;5037;20;;;5044;20;;;;;5042.0;90.984375
0;66400;STARFRUIT;5037;2;5036;24;;;5043;26;;;;;5040.0;83.296875
0;66400;AMETHYSTS;9996;2;9995;24;;;10004;2;10005;24;;;10000.0;0.0
0;66500;STARFRUIT;5042;1;5037;31;;;5043;1;5044;30;;;5042.5;85.546875
0;66500;AMETHYSTS;9996;1;9995;30;;;10004;1;10005;30;;;10000.0;0.0
0;66600;STARFRUIT;5037;31;;;;;5044;31;;;;;5040.5;89.1640625
0;66600;AMETHYSTS;10002;3;9998;1;9996;2;10004;2;10005;29;;;10003.0;0.0
0;66700;AMETHYSTS;9996;1;9995;25;;;10004;1;10005;25;;;10000.0;0.0
0;66700;STARFRUIT;5038;5;5037;26;;;5044;26;;;;;5041.0;92.59375
0;66800;STARFRUIT;5038;1;5037;25;;;5044;26;;;;;5041.0;100.4140625
0;66800;AMETHYSTS;9996;1;9995;25;;;10004;1;10005;25;;;10000.0;0.0
0;66900;STARFRUIT;5037;3;5036;20;;;5043;20;;;;;5040.0;80.9453125
0;66900;AMETHYSTS;9995;20;;;;;10005;20;;;;;10000.0;0.0
0;67000;STARFRUIT;5036;24;;;;;5042;2;5043;22;;;5039.0;66.8046875
0;67000;AMETHYSTS;9998;1;9996;2;9995;22;10004;2;10005;22;;;10001.0;0.0
0;67100;AMETHYSTS;9996;1;9995;25;;;10004;1;10005;25;;;10000.0;0.0
0;67100;STARFRUIT;5036;26;;;;;5043;26;;;;;5039.5;74.75
0;67200;STARFRUIT;5036;23;;;;;5041;6;5043;23;;;5038.5;74.265625
0;67200;AMETHYSTS;9995;23;;;;;10005;23;;;;;10000.0;0.0
0;67300;STARFRUIT;5038;1;5037;22;;;5043;1;5044;21;;;5040.5;88.328125
0;67300;AMETHYSTS;9996;1;9995;21;;;10004;1;10005;21;;;10000.0;0.0
0;67400;STARFRUIT;5038;8;5037;29;;;5044;29;;;;;5041.0;88.734375
0;67400;AMETHYSTS;9996;1;9995;28;;;10004;1;10005;28;;;10000.0;0.0
0;67500;AMETHYSTS;9995;22;;;;;10005;22;;;;;10000.0;0.0
0;67500;STARFRUIT;5037;22;;;;;5044;22;;;;;5040.5;100.4375
0;67600;STARFRUIT;5038;1;5037;25;;;5044;26;;;;;5041.0;101.265625
0;67600;AMETHYSTS;9996;1;9995;25;;;10004;1;10005;25;;;10000.0;0.0
0;67700;AMETHYSTS;9996;2;9995;21;;;10000;3;10004;2;10005;21;9998.0;0.0
0;67700;STARFRUIT;5037;23;;;;;5040;3;5044;23;;;5038.5;93.234375
0;67800;AMETHYSTS;9996;2;9995;30;;;10004;2;10005;30;;;10000.0;0.0
0;67800;STARFRUIT;5038;6;5037;32;;;5044;32;;;;;5041.0;92.8671875
0;67900;AMETHYSTS;9995;26;;;;;10005;26;;;;;10000.0;0.0
0;67900;STARFRUIT;5036;26;;;;;5043;26;;;;;5039.5;80.5
0;68000;STARFRUIT;5042;1;5036;25;;;5043;25;;;;;5042.5;78.3828125
0;68000;AMETHYSTS;9995;25;;;;;10002;5;10005;25;;;9998.5;0.0
0;68100;AMETHYSTS;9996;1;9995;26;;;10002;8;10004;1;10005;26;9999.0;0.0
0;68100;STARFRUIT;5037;7;5036;27;;;5042;1;5043;26;;;5039.5;67.828125
0;68200;AMETHYSTS;9996;1;9995;23;;;9998;1;10004;1;10005;23;9997.0;0.0
0;68200;STARFRUIT;5036;1;5035;23;;;5042;24;;;;;5039.0;60.484375
0;68300;AMETHYSTS;9996;1;9995;25;;;10002;4;10004;1;10005;25;9999.0;0.0
0;68300;STARFRUIT;5035;1;5034;25;;;5041;26;;;;;5038.0;40.796875
0;68400;STARFRUIT;5034;31;;;;;5041;31;;;;;5037.5;37.125
0;68400;AMETHYSTS;10002;1;9996;1;9995;30;10004;1;10005;30;;;10003.0;0.0
0;68500;AMETHYSTS;9996;1;9995;22;;;10004;1;10005;22;;;10000.0;0.0
0;68500;STARFRUIT;5035;1;5034;22;;;5039;5;5041;23;;;5037.0;43.484375
0;68600;AMETHYSTS;9995;27;;;;;9998;1;10005;27;;;9996.5;0.0
0;68600;STARFRUIT;5034;27;;;;;5042;27;;;;;5038.0;43.9375
0;68700;AMETHYSTS;9998;10;9996;2;9995;20;10004;2;10005;20;;;10001.0;0.0
0;68700;STARFRUIT;5035;22;;;;;5041;2;5042;20;;;5038.0;45.546875
0;68800;STARFRUIT;5035;1;5034;30;;;5037;6;5041;1;5042;30;5036.0;43.8125
0;68800;AMETHYSTS;9996;1;9995;30;;;10000;6;10002;1;10004;1;9998.0;0.0
0;68900;AMETHYSTS;9998;3;9996;2;9995;23;10004;2;10005;23;;;10001.0;0.0
0;68900;STARFRUIT;5035;25;;;;;5041;2;5042;23;;;5038.0;46.8984375
0;69000;AMETHYSTS;9996;1;9995;27;;;10004;1;10005;27;;;10000.0;0.0
0;69000;STARFRUIT;5035;28;;;;;5041;1;5042;27;;;5038.0;45.3359375
0;69100;AMETHYSTS;9996;1;9995;25;;;10004;1;10005;25;;;10000.0;0.0
0;69100;STARFRUIT;5036;1;5035;26;;;5041;1;5042;25;;;5038.5;44.875
0;69200;STARFRUIT;5035;21;;;;;5042;21;;;;;5038.5;49.0625
0;69200;AMETHYSTS;9996;1;9995;20;;;10002;8;10004;1;10005;20;9999.0;0.0
0;69300;AMETHYSTS;9996;1;9995;23;;;10004;1;10005;23;;;10000.0;0.0
0;69300;STARFRUIT;5035;1;5034;23;;;5041;24;;;;;5038.0;40.46875
0;69400;AMETHYSTS;9995;22;;;;;10005;22;;;;;10000.0;0.0
0;69400;STARFRUIT;5035;4;5034;22;;;5041;22;;;;;5038.0;27.171875
0;69500;AMETHYSTS;9996;1;9995;30;;;10002;8;10004;1;10005;30;9999.0;0.0
0;69500;STARFRUIT;5034;2;5033;31;;;5039;1;5040;30;;;5036.5;7.78125
0;69600;STARFRUIT;5033;27;;;;;5040;27;;;;;5036.5;14.34375
0;69600;AMETHYSTS;9996;2;9995;25;;;10004;2;10005;25;;;10000.0;0.0
0;69700;AMETHYSTS;10002;1;9996;2;9995;24;10004;2;10005;24;;;10003.0;0.0
0;69700;STARFRUIT;5033;26;;;;;5040;26;;;;;5036.5;13.2265625
0;69800;AMETHYSTS;9996;1;9995;22;;;10004;1;10005;22;;;10000.0;0.0
0;69800;STARFRUIT;5034;22;;;;;5040;1;5041;22;;;5037.0;25.7578125
0;69900;STARFRUIT;5034;26;;;;;5040;2;5041;24;;;5037.0;25.28125
0;69900;AMETHYSTS;10002;1;9998;10;9996;2;10004;2;10005;24;;;10003.0;0.0
0;70000;AMETHYSTS;9996;2;9995;28;;;10004;2;10005;28;;;10000.0;0.0
0;70000;STARFRUIT;5034;2;5033;28;;;5040;2;5041;28;;;5037.0;24.1875
0;70100;AMETHYSTS;10002;1;9995;27;;;10005;27;;;;;10003.5;0.0
0;70100;STARFRUIT;5033;27;;;;;5034;1;5040;27;;;5033.5;17.2421875
0;70200;AMETHYSTS;9996;2;9995;28;;;10004;2;10005;28;;;10000.0;0.0
0;70200;STARFRUIT;5033;30;;;;;5040;30;;;;;5036.5;19.0390625
0;70300;STARFRUIT;5034;5;5033;24;;;5040;25;;;;;5037.0;20.1015625
0;70300;AMETHYSTS;9998;10;9996;1;9995;24;10004;1;10005;24;;;10001.0;0.0
0;70400;AMETHYSTS;10002;13;9996;2;9995;29;10004;2;10005;29;;;10003.0;0.0
0;70400;STARFRUIT;5034;31;;;;;5041;31;;;;;5037.5;30.3359375
0;70500;AMETHYSTS;10002;1;9995;21;;;10005;21;;;;;10003.5;0.0
0;70500;STARFRUIT;5034;21;;;;;5035;3;5041;21;;;5034.5;29.5
0;70600;AMETHYSTS;10002;1;10000;3;9996;1;10004;1;10005;22;;;10003.0;0.0
0;70600;STARFRUIT;5036;2;5034;1;5033;22;5040;1;5041;22;;;5038.0;23.703125
0;70700;STARFRUIT;5033;27;;;;;5040;27;;;;;5036.5;15.828125
0;70700;AMETHYSTS;9995;27;;;;;10005;27;;;;;10000.0;0.0
0;70800;AMETHYSTS;9996;2;9995;20;;;9998;5;10002;8;10004;2;9997.0;0.0
0;70800;STARFRUIT;5033;22;;;;;5040;22;;;;;5036.5;10.3125
0;70900;AMETHYSTS;9995;21;;;;;10005;21;;;;;10000.0;0.0
0;70900;STARFRUIT;5033;21;;;;;5034;1;5040;21;;;5033.5;15.375
0;71000;AMETHYSTS;9996;2;9995;28;;;9998;3;10004;2;10005;28;9997.0;0.0
0;71000;STARFRUIT;5034;2;5033;28;;;5038;1;5040;30;;;5036.0;21.03125
0;71100;STARFRUIT;5035;6;5034;30;;;5041;30;;;;;5038.0;30.5234375
0;71100;AMETHYSTS;9998;4;9995;30;;;10005;30;;;;;10001.5;0.0
0;71200;AMETHYSTS;9996;1;9995;27;;;9998;1;10004;1;10005;27;9997.0;0.0
0;71200;STARFRUIT;5035;1;5034;27;;;5041;28;;;;;5038.0;40.8671875
0;71300;AMETHYSTS;9996;2;9995;28;;;10004;2;10005;28;;;10000.0;0.0
0;71300;STARFRUIT;5035;2;5034;28;;;5040;8;5041;2;5042;28;5037.5;43.875
0;71400;AMETHYSTS;10002;2;9996;2;9995;25;10004;2;10005;25;;;10003.0;0.0
0;71400;STARFRUIT;5036;2;5035;25;;;5040;6;5042;27;;;5038.0;60.5234375
0;71500;STARFRUIT;5035;26;;;;;5040;5;5042;26;;;5037.5;58.71875
0;71500;AMETHYSTS;9995;26;;;;;10005;26;;;;;10000.0;0.0
0;71600;AMETHYSTS;9998;7;9996;2;9995;29;10004;2;10005;29;;;10001.0;0.0
0;71600;STARFRUIT;5035;31;;;;;5042;31;;;;;5038.5;59.2421875
0;71700;AMETHYSTS;9996;1;9995;25;;;9998;1;10004;1;10005;25;9997.0;0.0
0;71700;STARFRUIT;5035;26;;;;;5042;26;;;;;5038.5;57.921875
0;71800;AMETHYSTS;9995;22;;;;;9998;1;10005;22;;;9996.5;0.0
0;71800;STARFRUIT;5035;22;;;;;5042;22;;;;;5038.5;61.0703125
0;71900;STARFRUIT;5036;30;;;;;5043;30;;;;;5039.5;72.5859375
0;71900;AMETHYSTS;9996;2;9995;28;;;10004;2;10005;28;;;10000.0;0.0
0;72000;AMETHYSTS;9998;2;9996;1;9995;23;10004;1;10005;23;;;10001.0;0.0
0;72000;STARFRUIT;5036;24;;;;;5043;24;;;;;5039.5;72.46875
0;72100;AMETHYSTS;9996;2;9995;24;;;9998;1;10004;2;10005;24;9997.0;0.0
0;72100;STARFRUIT;5035;26;;;;;5042;26;;;;;5038.5;58.8125
0;72200;AMETHYSTS;9995;25;;;;;9998;1;10005;25;;;9996.5;0.0
0;72200;STARFRUIT;5035;25;;;;;5042;25;;;;;5038.5;55.609375
0;72300;STARFRUIT;5036;1;5035;22;;;5040;3;5042;23;;;5038.0;60.203125
0;72300;AMETHYSTS;9996;1;9995;22;;;10004;1;10005;22;;;10000.0;0.0
0;72400;AMETHYSTS;9995;25;;;;;10005;25;;;;;10000.0;0.0
0;72400;STARFRUIT;5036;25;;;;;5043;25;;;;;5039.5;74.1953125
0;72500;AMETHYSTS;10000;4;9996;2;9995;20;10004;2;10005;20;;;10002.0;0.0
0;72500;STARFRUIT;5039;4;5037;2;5036;20;5043;22;;;;;5041.0;81.8046875
0;72600;AMETHYSTS;9998;8;9995;28;;;10005;28;;;;;10001.5;0.0
0;72600;STARFRUIT;5036;28;;;;;5043;28;;;;;5039.5;80.828125
0;72700;STARFRUIT;5036;28;;;;;5043;28;;;;;5039.5;68.59375
0;72700;AMETHYSTS;9995;28;;;;;10005;28;;;;;10000.0;0.0
0;72800;AMETHYSTS;9996;2;9995;27;;;10004;2;10005;27;;;10000.0;0.0
0;72800;STARFRUIT;5036;29;;;;;5037;8;5043;29;;;5036.5;73.4453125
0;72900;AMETHYSTS;9996;1;9995;22;;;10002;4;10004;1;10005;22;9999.0;0.0
0;72900;STARFRUIT;5037;2;5036;23;;;5043;23;;;;;5040.0;70.921875
0;73000;AMETHYSTS;9995;21;;;;;10005;21;;;;;10000.0;0.0
0;73000;STARFRUIT;5036;21;;;;;5041;8;5043;21;;;5038.5;81.765625
0;73100;STARFRUIT;5037;28;;;;;5042;3;5043;1;5044;27;5039.5;86.8828125
0;73100;AMETHYSTS;9996;1;9995;27;;;10002;7;10004;1;10005;27;9999.0;0.0
0;73200;AMETHYSTS;9996;1;9995;23;;;10002;7;10004;1;10005;23;9999.0;0.0
0;73200;STARFRUIT;5037;24;;;;;5044;24;;;;;5040.5;93.5234375
0;73300;AMETHYSTS;9996;2;9995;23;;;10004;2;10005;23;;;10000.0;0.0
0;73300;STARFRUIT;5037;25;;;;;5044;25;;;;;5040.5;99.34375
0;73400;AMETHYSTS;9995;30;;;;;10002;6;10005;30;;;9998.5;0.0
0;73400;STARFRUIT;5038;30;;;;;5045;30;;;;;5041.5;105.453125
0;73500;STARFRUIT;5038;25;;;;;5044;1;5045;24;;;5041.0;107.828125
0;73500;AMETHYSTS;9998;6;9996;1;9995;24;10004;1;10005;24;;;10001.0;0.0
0;73600;AMETHYSTS;9995;30;;;;;9998;1;10005;30;;;9996.5;0.0
0;73600;STARFRUIT;5038;30;;;;;5045;30;;;;;5041.5;109.7421875
0;73700;AMETHYSTS;10002;4;9995;25;;;10005;25;;;;;10003.5;0.0
0;73700;STARFRUIT;5038;25;;;;;5045;25;;;;;5041.5;110.1015625
0;73800;AMETHYSTS;9998;1;9996;1;9995;21;10004;1;10005;21;;;10001.0;0.0
0;73800;STARFRUIT;5038;22;;;;;5045;22;;;;;5041.5;113.9609375
0;73900;STARFRUIT;5038;27;;;;;5046;27;;;;;5042.0;124.0703125
0;73900;AMETHYSTS;9995;27;;;;;10005;27;;;;;10000.0;0.0
0;74000;AMETHYSTS;10000;5;9996;2;9995;27;10004;2;10005;27;;;10002.0;0.0
0;74000;STARFRUIT;5041;6;5039;7;5038;29;5045;29;;;;;5043.0;117.171875
0;74100;AMETHYSTS;9998;5;9996;1;9995;23;10004;1;10005;23;;;10001.0;0.0
0;74100;STARFRUIT;5042;3;5038;24;;;5045;24;;;;;5043.5;118.671875
0;74200;STARFRUIT;5038;31;;;;;5043;7;5045;31;;;5040.5;116.7734375
0;74200;AMETHYSTS;9996;1;9995;30;;;10002;1;10004;1;10005;30;9999.0;0.0
0;74300;STARFRUIT;5039;1;5038;26;;;5043;3;5045;27;;;5041.0;126.0390625
0;74300;AMETHYSTS;9998;6;9996;1;9995;26;10004;1;10005;26;;;10001.0;0.0
0;74400;STARFRUIT;5039;23;;;;;5046;23;;;;;5042.5;136.71875
0;74400;AMETHYSTS;9996;2;9995;21;;;10004;2;10005;21;;;10000.0;0.0
0;74500;AMETHYSTS;9996;2;9995;24;;;10004;2;10005;24;;;10000.0;0.0
0;74500;STARFRUIT;5044;1;5043;3;5039;26;5046;26;;;;;5045.0;135.625
0;74600;STARFRUIT;5040;1;5039;29;;;5046;29;;;;;5043.0;134.0078125
0;74600;AMETHYSTS;9996;2;9995;27;;;9998;2;10004;2;10005;27;9997.0;0.0
0;74700;STARFRUIT;5039;27;;;;;5046;27;;;;;5042.5;135.375
0;74700;AMETHYSTS;9996;1;9995;26;;;10004;1;10005;26;;;10000.0;0.0
0;74800;STARFRUIT;5039;3;5038;24;;;5045;26;;;;;5042.0;129.46875
0;74800;AMETHYSTS;9996;2;9995;24;;;10004;2;10005;24;;;10000.0;0.0
0;74900;AMETHYSTS;9996;1;9995;27;;;10004;1;10005;27;;;10000.0;0.0
0;74900;STARFRUIT;5039;1;5038;27;;;5045;1;5046;27;;;5042.0;129.609375
0;75000;STARFRUIT;5039;1;5038;21;;;5045;22;;;;;5042.0;128.3984375
0;75000;AMETHYSTS;9996;1;9995;21;;;9998;4;10004;1;10005;21;9997.0;0.0
0;75100;STARFRUIT;5039;2;5038;26;;;5045;2;5046;26;;;5042.0;129.828125
0;75100;AMETHYSTS;9996;2;9995;26;;;10002;8;10004;2;10005;26;9999.0;0.0
0;75200;STARFRUIT;5040;7;5039;31;;;5046;31;;;;;5043.0;136.5625
0;75200;AMETHYSTS;9996;1;9995;30;;;10004;1;10005;30;;;10000.0;0.0
0;75300;AMETHYSTS;9998;7;9996;1;9995;26;10004;1;10005;26;;;10001.0;0.0
0;75300;STARFRUIT;5040;27;;;;;5046;1;5047;26;;;5043.0;150.265625
0;75400;STARFRUIT;5039;25;;;;;5046;25;;;;;5042.5;137.296875
0;75400;AMETHYSTS;9995;25;;;;;10005;25;;;;;10000.0;0.0
0;75500;STARFRUIT;5039;23;;;;;5046;23;;;;;5042.5;139.90625
0;75500;AMETHYSTS;9996;1;9995;22;;;10004;1;10005;22;;;10000.0;0.0
0;75600;STARFRUIT;5039;2;5038;23;;;5045;2;5046;23;;;5042.0;131.2109375
0;75600;AMETHYSTS;9996;2;9995;23;;;9998;9;10004;2;10005;23;9997.0;0.0
0;75700;AMETHYSTS;9996;2;9995;25;;;10004;2;10005;25;;;10000.0;0.0
0;75700;STARFRUIT;5044;1;5039;27;;;5046;27;;;;;5045.0;139.015625
0;75800;STARFRUIT;5045;1;5040;1;5039;28;5046;28;;;;;5045.5;144.625
0;75800;AMETHYSTS;9996;2;9995;26;;;10002;3;10004;2;10005;26;9999.0;0.0
0;75900;STARFRUIT;5039;24;;;;;5044;3;5045;2;5046;22;5041.5;137.53125
0;75900;AMETHYSTS;9996;2;9995;22;;;10004;2;10005;22;;;10000.0;0.0
0;76000;STARFRUIT;5039;3;5038;31;;;5045;31;;;;;5042.0;118.8203125
0;76000;AMETHYSTS;9998;8;9996;1;9995;30;10004;1;10005;30;;;10001.0;0.0
0;76100;AMETHYSTS;10002;1;9995;28;;;10005;28;;;;;10003.5;0.0
0;76100;STARFRUIT;5038;28;;;;;5045;28;;;;;5041.5;119.9140625
0;76200;STARFRUIT;5037;28;;;;;5044;28;;;;;5040.5;104.5546875
0;76200;AMETHYSTS;9998;9;9995;28;;;10005;28;;;;;10001.5;0.0
0;76300;STARFRUIT;5037;22;;;;;5044;22;;;;;5040.5;101.7890625
0;76300;AMETHYSTS;9998;7;9996;1;9995;21;10004;1;10005;21;;;10001.0;0.0
0;76400;STARFRUIT;5038;8;5037;28;;;5044;28;;;;;5041.0;102.8828125
0;76400;AMETHYSTS;9995;28;;;;;10005;28;;;;;10000.0;0.0
0;76500;AMETHYSTS;10000;2;9995;28;;;10005;28;;;;;10002.5;0.0
0;76500;STARFRUIT;5040;2;5037;28;;;5044;28;;;;;5042.0;110.5703125
0;76600;STARFRUIT;5038;29;;;;;5045;29;;;;;5041.5;120.140625
0;76600;AMETHYSTS;9995;29;;;;;10005;29;;;;;10000.0;0.0
0;76700;AMETHYSTS;9998;9;9996;1;9995;30;10004;1;10005;30;;;10001.0;0.0
0;76700;STARFRUIT;5039;30;;;;;5045;1;5046;30;;;5042.0;137.421875
0;76800;AMETHYSTS;9995;25;;;;;10002;6;10005;25;;;9998.5;0.0
0;76800;STARFRUIT;5039;25;;;;;5046;25;;;;;5042.5;141.09375
0;76900;AMETHYSTS;9998;3;9996;2;9995;27;10004;2;10005;27;;;10001.0;0.0
0;76900;STARFRUIT;5041;5;5040;29;;;5046;2;5047;27;;;5043.5;154.2421875
0;77000;STARFRUIT;5040;28;;;;;5045;4;5047;28;;;5042.5;162.078125
0;77000;AMETHYSTS;9995;28;;;;;10005;28;;;;;10000.0;0.0
0;77100;AMETHYSTS;9998;10;9995;22;;;10005;22;;;;;10001.5;0.0
0;77100;STARFRUIT;5045;5;5041;1;5040;22;5047;22;;;;;5046.0;163.6171875
0;77200;AMETHYSTS;9995;30;;;;;10005;30;;;;;10000.0;0.0
0;77200;STARFRUIT;5040;30;;;;;5047;30;;;;;5043.5;160.78125
0;77300;AMETHYSTS;9998;4;9996;1;9995;25;10004;1;10005;25;;;10001.0;0.0
0;77300;STARFRUIT;5040;26;;;;;5041;1;5047;26;;;5040.5;166.8984375
0;77400;STARFRUIT;5040;29;;;;;5045;3;5047;29;;;5042.5;165.09375
0;77400;AMETHYSTS;9996;2;9995;27;;;10004;2;10005;27;;;10000.0;0.0
0;77500;AMETHYSTS;9996;1;9995;23;;;10004;1;10005;23;;;10000.0;0.0
0;77500;STARFRUIT;5040;24;;;;;5047;24;;;;;5043.5;166.3671875
0;77600;AMETHYSTS;9998;3;9995;30;;;10005;30;;;;;10001.5;0.0
0;77600;STARFRUIT;5041;30;;;;;5048;30;;;;;5044.5;184.67578125
0;77700;AMETHYSTS;10002;1;9996;1;9995;30;10004;1;10005;30;;;10003.0;0.0
0;77700;STARFRUIT;5041;31;;;;;5048;31;;;;;5044.5;189.3125
0;77800;STARFRUIT;5042;2;5041;29;;;5048;31;;;;;5045.0;191.1015625
